2434 4286
14 268 31 292 Ι

95 280 260 479 U
411 381 452 424 DE
471 380 614 423 ausona
634 380 723 423 mua
744 380 905 424 mannus.

149 528 234 606 Quis
248 537 304 591 est·
320 529 429 607 igitur,
444 529 499 608 qui
514 548 580 590 non
594 527 747 600 fateatur,
763 526 824 590 hoc
839 529 949 610 lepore
964 537 1064 609 atque
1079 529 1169 594 sace·
1205 518 1206 569 l

149 615 213 685 iiis,
234 634 299 675 non
315 614 422 675 minus
443 611 623 674 refutatum
638 633 709 675 esse
731 611 879 685 Brutum,
894 615 991 694 quam
1013 615 1078 676 illis
1101 625 1169 676 tra-
1205 686 1206 693 ἵ

149 698 276 776 goediis,
287 717 370 777 quas
381 698 452 775 egit
467 696 563 767 idem,
575 698 650 758 cum
664 717 745 759 casu
760 698 794 758 in
809 698 922 759 eidem
939 700 1039 760 causi
1051 698 1170 761 funere
1205 696 1206 763 l

95 848 99 857 Χ
150 781 322 845 efferretur
343 801 427 842 anus
447 778 569 842 lunia?
611 779 683 852 Pro,
705 778 761 843 Dii
782 783 994 854 immortales,
1016 802 1088 863 quae
1104 783 1171 846 fuit
1205 820 1206 853 r

149 867 217 939 ilia,
232 876 357 945 quanta
379 863 450 927 vis!
476 865 574 943 quim
596 865 827 945 inexpectata!
853 867 949 945 quim
973 865 1169 948 repentina!
1205 872 1206 901 ³

150 953 235 1023 cum,
247 951 405 1027 emetis
419 949 531 1018 oculis,
541 959 636 1026 gestu
648 950 735 1010 omni
750 950 943 1022 imminenti,
955 953 1080 1013 summi
1093 972 1169 1030 gra·

150 1036 253 1096 vitate
266 1046 299 1096 et
314 1033 484 1095 celeritate
500 1034 682 1104 verborum,
699 1030 806 1105 Brute,
818 1034 895 1115 qnid
907 1036 1016 1096 sedes?
1038 1037 1116 1116 quid
1131 1036 1169 1098 it·
1206 1022 1207 1071 l

151 1119 213 1180 lom
228 1138 323 1179 annm
332 1116 424 1198 patri
438 1116 585 1178 nuntiare
601 1115 648 1176 vis
665 1117 738 1177 tuo?
760 1116 838 1198 quid
851 1117 916 1178 illis
932 1118 1079 1192 omnibus,
1095 1141 1170 1201 qno-
1206 1104 1207 1181 l

150 1222 220 1263 rum
242 1201 398 1284 imagines
411 1200 486 1261 duci
507 1200 618 1261 uides?
643 1199 720 1281 quid
734 1202 905 1284 majoribus
920 1203 1008 1264 tuis?
1030 1205 1108 1284 quid
1128 1203 1169 1264 L.
1206 1228 1207 1231 ¹

151 1285 331 1366 Brittanni
352 1285 434 1346 bunc
450 1281 603 1365 populum
617 1285 777 1346 dominatu
793 1285 881 1366 regio
895 1284 1065 1348 liberauit?
1090 1287 1172 1369 quid
1206 1280 1207 1353 l

149 1369 324 1451 tefocere?
346 1367 469 1449 cnirei,
489 1368 542 1428 cui
552 1366 676 1450 gloria,
697 1368 751 1429 cni
770 1368 882 1430 uirtuti
895 1371 1043 1432 studere?
1062 1372 1171 1454 patri·
1206 1404 1207 1407 ¹

92 1520 96 1529 ,
150 1453 290 1537 munione
311 1452 482 1534 cogendo?
507 1461 541 1512 ot
555 1452 589 1513 id
603 1472 665 1512 non
680 1462 725 1512 est
739 1451 933 1514 nobilitatis:
959 1455 1014 1515 sed
1018 1454 1079 1538 soc
1094 1475 1172 1528 esse,
1205 1448 1207 1477 ⁴

150 1534 232 1598 nibil
245 1548 383 1620 superest
392 1560 404 1607 ;
428 1534 572 1597 libidines
591 1545 684 1597 totum
706 1534 960 1617 dissipaverunt:
985 1539 1111 1620 onjori
1125 1539 1171 1601 ci·

47 1690 52 1699 ⁵
140 1621 296 1713 ,vililffist
307 1632 498 1717 poterntnm:¹
516 1621 570 1681 sed
606 1620 802 1691 actiacum
814 1621 895 1681 cedes
910 1621 1063 1695 venderes,
1078 1644 1118 1684 ne
1133 1623 1171 1685 in
1207 1584 1208 1655 l

18 1712 21 1721 '
149 1700 232 1767 rotis
245 1702 413 1787 quidemst
434 1698 523 1764 bissis
536 1724 571 1764 so
583 1724 648 1765 inm
667 1703 723 1765 libi
739 1714 908 1784 paternum
928 1706 1099 1789 recepisse:
1125 1728 1172 1769 an

149 1788 197 1851 rei
211 1789 368 1851 militari?
389 1786 445 1869 qni
459 1807 619 1868 nunqnam
630 1797 735 1849 costra
750 1787 887 1850 videris:
908 1809 951 1850 an
963 1790 1172 1872 eloquentia?

150 1893 219 1955 qnae
233 1872 322 1934 nulla
336 1883 381 1935 est
396 1874 431 1934 in
446 1881 497 1932 te:
519 1882 557 1942 et,
567 1872 722 1952 quidquid
735 1882 781 1932 est
795 1873 878 1934 vocis
889 1893 927 1934 oc
941 1872 1068 1955 lingula,
1081 1896 1172 1936 omne

149 1958 186 2018 in
194 1957 308 2030 istum„
324 1956 537 2039 incensionum
554 1955 720 2017 columnia
741 1967 889 2035 quaestum
903 1957 1073 2041 contnlini,
1120 1957 1171 2021 Tu
1207 1990 1208 1993 ¹

150 2040 249 2103 lucem
263 2041 424 2123 adspicere
436 2040 559 2101 audes?
588 2050 621 2100 tu
636 2039 689 2100 bos
711 2036 917 2121 intueriff'tn
937 2041 971 2102 in
983 2041 1069 2125 soro,
1084 2053 1119 2104 tn
1134 2043 1172 2105 in

156 2124 245 2197 Urbe,
260 2136 293 2186 tn
315 2125 349 2186 in
365 2123 477 2186 civium
498 2143 563 2185 esse
578 2124 764 2206 conspectu?
793 2124 937 2186 inillam
958 2136 1119 2198 mortuom,
1135 2137 1171 2190 tu
1208 2150 1209 2197 r

151 2208 306 2291 inuigines
327 2209 422 2289 ipsos,
436 2229 498 2269 non
511 2206 752 2289 perhorrescis?
780 2207 892 2291 quibus
912 2230 974 2271 non
989 2210 1076 2271 modo
1099 2212 1170 2272 imi·
1208 2208 1209 2221 ¹

151 2292 265 2365 tondis,
285 2294 341 2354 sed
360 2313 399 2353 ne
420 2290 608 2355 collocandis
628 2291 760 2373 quiderm
780 2290 836 2353 tibi
857 2291 954 2354 ullum
976 2292 1075 2356 loeum
1096 2295 1171 2356 reli-

172 2376 254 2438 aisti.
869 2413 881 2424 ··

126 2396 170 2537 sq
193 2460 276 2524 LVI.
300 2459 366 2524 Sed
379 2460 450 2523 haec
465 2461 597 2539 tragica
611 2468 710 2539 atque
725 2459 856 2522 divina:
880 2461 991 2531 faceta
1005 2472 1121 2525 autem
1136 2474 1171 2526 et

149 2544 279 2609 urbana
292 2545 547 2608 innumerabilia
562 2564 603 2605 ex
617 2564 684 2606 una
699 2546 855 2608 concione
871 2547 1083 2608 meministis:
1107 2568 1171 2610 nec

150 2631 238 2693 enim
261 2632 427 2711 contentio
448 2631 554 2708 major
568 2647 714 2706 unquam
736 2628 808 2701 suit,
823 2649 884 2692 nec
900 2630 988 2711 apud
1009 2632 1172 2712 popuium

150 2717 284 2794 gravior
298 2716 412 2787 oratio,
427 2714 524 2795 quim
547 2712 646 2791 huJus
660 2722 775 2776 contre
789 2714 952 2791 collegam
974 2715 1009 2776 in
1030 2716 1172 2778 censurii

150 2818 264 2879 nuper,
279 2819 385 2879 neque
400 2800 510 2880 lepore
525 2805 560 2859 et
575 2795 754 2859 festivitate
771 2798 940 2860 conditior.

193 2881 306 2959 Quare
321 2884 392 2956 tibi,
404 2883 535 2952 Antoni,
550 2890 725 2961 utrumque
740 2884 908 2953 assentior,
920 2892 954 2944 et
969 2882 1111 2946 multum
1121 2883 1170 2946 fa·

151 2968 256 3029 seties
271 2968 305 3027 in
320 2966 458 3029 dicendo
479 2965 633 3046 prodesse
648 2967 744 3046 saepe,
759 2975 792 3029 et
807 2985 865 3027 eas
880 2976 951 3029 arte
966 2967 1056 3030 nullo
1071 2967 1171 3030 modo

150 3069 245 3134 posse
257 3050 352 3112 tradi.
389 3050 472 3112 Illud
486 3050 617 3130 quidem
629 3049 779 3124 admiror,
790 3059 824 3112 te
840 3051 932 3112 nobis
946 3052 980 3112 in
991 3071 1031 3113 eo
1047 3071 1171 3130 genere

151 3134 304 3197 tribuisse
328 3143 467 3207 tantum,
482 3143 516 3196 et
539 3154 603 3196 non
625 3134 724 3213 huJ‘us
738 3135 786 3197 rei
808 3155 937 3215 quoque
959 3135 1119 3216 palmam,
1134 3146 1173 3199 ut

151 3228 355 3291 caeterarum,
371 3218 489 3281 Crasso
504 3218 669 3281 detulisse.
713 3218 985 3291 Tantumne
1000 3217 1076 3298 Ego
1091 3221 1173 3282 verb

151 3305 200 3366 ita
210 3302 371 3376 iecissem,
383 3305 497 3382 inquit,
509 3305 571 3365 nisi
587 3301 759 3374 interdum,
771 3304 804 3364 in
819 3303 890 3374 hoc,
902 3302 1020 3365 Crasso
1031 3304 1173 3385 paulum

151 3387 350 3450 inviderem:
371 3407 451 3450 nam
473 3401 544 3451 esse
566 3388 717 3466 quamvis
741 3386 887 3448 facetum
912 3395 1012 3467 atque
1036 3389 1174 3462 salsum,

150 3491 216 3534 non
231 3473 328 3534 nimis
342 3482 392 3553 est
413 3492 472 3553 per
486 3491 521 3533 se
545 3468 651 3553 ipsum
674 3470 904 3533 invidendum:
930 3471 997 3544 sed,
1012 3473 1089 3534 cum
1103 3493 1173 3536 om·

151 3557 243 3618 nium
258 3558 303 3618 sis
313 3556 564 3618 veniatissirnus
579 3565 613 3618 et
627 3555 874 3627 urbanissimus,
885 3557 1031 3617 omnium
1044 3559 1172 3634 gravis·

145 3641 271 3701 simum
285 3649 319 3702 et
333 3641 576 3701 severissimum
590 3649 624 3702 et
639 3659 709 3701 esse
722 3648 756 3701 et
770 3639 872 3701 videri
887 3638 985 3721 (quod
1000 3641 1055 3702 isti
1069 3644 1174 3705 conti·

129 3726 201 3800 'git
216 3723 298 3802 uni),
312 3723 346 3786 id
366 3721 447 3785 mihi
461 3724 518 3784 vix
532 3723 703 3787 ferendum
717 3722 901 3785 videbatur.
945 3722 1009 3786 Hie
1028 3726 1106 3787 cum
1121 3745 1174 3788 ar·

153 3807 275 3868 =tsisset
297 3808 365 3888 ipse
381 3805 527 3879 Crassus,
542 3807 708 3879 Attamen,
722 3808 827 3888 inquit
842 3809 1013 3882 Antonius,
1028 3810 1106 3873 oum
1121 3828 1174 3874 ar·

512 3970 530 3999 r,
612 4002 615 4011 ,
