2452 4290
142 351 180 409 50
420 344 459 405 n'u
479 364 623 407 chirone
643 365 733 407 rrum
753 365 874 407 ramos

136 533 241 574 causa
255 511 408 593 postulet,
423 530 498 573 eurn
514 511 652 574 dicendo
675 511 730 574 vel
749 513 895 573 excitare
910 513 1022 593 possit,
1036 514 1094 576 vel
1108 533 1159 576 se·
1213 512 1214 563 ἕ

135 597 223 658 dare.
268 595 366 658 Hanc
381 597 450 656 vim
465 596 492 655 si
508 597 579 674 quis
603 597 780 669 existimat,
795 606 854 656 aut
869 595 913 657 ab
928 597 968 657 iis
983 599 1039 676 qui
1054 598 1096 660 de
1112 598 1158 659 di·
1213 598 1214 665 ]

138 680 231 743 cendi
245 682 372 741 ratione
389 682 596 759 scripserunt,
606 681 790 760 expositam
800 699 882 751 esse,
891 689 950 740 aut
962 701 983 741 a
995 701 1048 742 me
1060 702 1157 762 posse
1213 708 1214 753 ς

136 765 254 845 exponi
278 773 348 825 tam
370 763 473 836 brevi,
497 763 712 825 vehementer
735 772 842 834 errat;
865 784 970 843 neque
982 766 1095 826 solum
1110 767 1157 827 in·
1213 782 1214 819 ss

136 850 309 911 scientiam
323 868 443 919 meam,
467 847 524 909 sed
547 869 589 909 ne
613 868 722 910 rerum
737 847 869 928 quidem
884 845 1157 925 magnitudinem,
1213 830 1214 895 l

135 933 300 1015 perspicit.
344 931 506 1012 Equidem
522 931 624 1005 nobie,
636 934 792 1012 quoniam
807 931 856 1009 ita
870 932 1029 1004 voluistis
1039 932 1157 1007 fontes,

136 1017 222 1079 unde
238 1017 423 1088 hauriretis,
439 1026 538 1096 atque
554 1017 673 1078 itinera
693 1019 775 1098 ipsa,
800 1018 849 1076 ita
873 1019 989 1096 putavi
1006 1037 1078 1079 esse
1102 1017 1157 1080 de·

135 1101 366 1173 monstranda3
389 1120 454 1162 non
476 1110 513 1161 ut
535 1102 604 1180 ipse
626 1101 691 1162 dux
706 1120 812 1163 essem
830 1100 928 1180 (quod
942 1110 975 1161 et
990 1101 1157 1164 infinitum

85 1226 88 1230 ι
137 1196 197 1258 est,
208 1195 241 1247 et
257 1206 322 1247 non
337 1183 584 1261 necessarium),
594 1186 651 1247 sed
667 1195 702 1246 ut
718 1195 1010 1247 commonstrarem
1024 1188 1157 1247 tanturn
1213 1218 1214 1233 2

135 1271 235 1341 viam,
251 1280 294 1340 et,
309 1278 345 1330 ut
361 1269 432 1331 fieri
447 1269 539 1340 solet,
553 1267 694 1346 digitum
709 1270 750 1330 ad
766 1269 873 1330 fontes
888 1268 1103 1331 intenderem.

177 1353 309 1416 XLVII.
332 1352 417 1415 Mihi
431 1352 520 1425 vero,
535 1354 639 1433 inquit
655 1353 800 1425 Mucius,
812 1352 893 1414 satis
915 1372 1078 1433 superque
1095 1354 1158 1414 abs

135 1447 168 1500 te
190 1438 319 1500 videtur
342 1439 479 1499 istorum
505 1437 629 1509 studiis,
653 1440 679 1498 si
703 1437 797 1499 modo
819 1446 894 1498 sunt
917 1437 1062 1509 studiosi,
1084 1458 1156 1500 esse
1213 1508 1214 1513 η

135 1522 281 1594 factum3
305 1542 391 1592 nam,
406 1532 444 1583 ut
460 1522 631 1584 Socratem
654 1522 747 1582 illum
771 1522 902 1583 solitum
927 1523 1020 1582 aiunt
1034 1521 1156 1595 dicere,

135 1607 319 1688 perfeetum
344 1606 406 1667 sibi
422 1626 503 1686 opus
519 1625 600 1676 esse,
624 1607 731 1685 siqui
755 1605 834 1666 satis
859 1616 946 1666 esset
970 1607 1156 1668 concitatus

136 1690 359 1752 cohortatione
386 1690 446 1749 suh
471 1689 514 1750 ad
540 1690 684 1750 studium
713 1689 947 1768 cognoscenda
973 1691 1156 1770 percipien-

135 1774 249 1853 daeque
265 1774 396 1834 virtutis
411 1771 543 1852 (quibus
558 1776 646 1834 enirn
661 1774 693 1835 id
709 1793 903 1852 persuasum
918 1782 1013 1845 esset,
1023 1790 1060 1835 ut
1073 1774 1156 1836 nihil

134 1860 273 1920 mallent
288 1877 360 1919 esse
375 1878 410 1918 se
426 1858 522 1937 quam
547 1857 647 1918 bonos
670 1860 767 1929 viros,
782 1859 823 1919 iis
838 1857 999 1937 reliquam
1019 1857 1156 1923 facilem
1213 1908 1214 1915 ,

135 1964 207 2005 esse
231 1942 427 2020 doctrinam)
441 1964 449 2014 3
471 1943 518 2003 sic
534 1963 596 2020 ego
610 1943 768 2020 intelligo,
784 1943 812 2002 si
828 1944 860 2003 in
876 1941 956 2012 haec,
970 1961 1043 2020 quae
1062 1951 1155 2022 pate·

135 2027 214 2089 fecit
239 2028 386 2089 oratione
411 2027 469 2088 sud
493 2026 640 2098 Crassus
655 2029 777 2088 intrare
802 2026 980 2095 volueritis
996 2026 1155 2089 facillime

138 2132 194 2173 vos
209 2111 251 2172 ad
267 2131 318 2182 ea,
333 2130 405 2189 quae
422 2111 550 2190 cupitis,
565 2120 779 2191 perventuros
794 2110 837 2171 ab
852 2110 914 2171 hoc
933 2108 1034 2181 aditu,
1054 2112 1154 2189 janu·
1213 2128 1214 2167 t

90 2271 91 2274 Ἴ
135 2196 217 2277 aque
232 2194 410 2275 patefacti:
455 2193 559 2255 Nobis
581 2194 669 2266 vero,
689 2196 793 2275 inquit
809 2193 984 2275 Sulpicius,
999 2196 1063 2255 ista
1078 2203 1155 2256 sunt
1213 2202 1214 2207 ’

134 2288 291 2361 pergrata
306 2297 428 2357 perque
439 2278 606 2355 jucunda:
630 2279 686 2340 sed
703 2299 811 2358 pauca
826 2280 927 2340 etiam
949 2279 1155 2357 requirimus

135 2364 357 2444 imprimisque
372 2381 423 2433 ea,
439 2381 511 2440 quae
527 2362 623 2424 valde
638 2362 782 2425 breviter
797 2383 819 2423 a
832 2372 876 2435 te,
891 2362 1018 2427 Crasse,
1030 2363 1070 2424 de
1083 2365 1155 2444 ipsi
1183 2384 1185 2387 ·

135 2460 207 2509 arte
223 2466 379 2527 percursa
394 2455 478 2517 sunt,
501 2466 575 2507 cum
597 2447 657 2508 illa
679 2456 712 2508 te
736 2457 770 2509 et
791 2467 857 2508 non
880 2456 1099 2519 contemnere,
1121 2457 1157 2510 et
1213 2476 1214 2483 ¹

134 2533 285 2594 didicisse
302 2530 503 2592 confiterere.
550 2530 603 2593 Ea
618 2533 645 2592 si
659 2532 760 2612 paulo
780 2532 878 2592 latius
900 2531 1030 2603 dixeris
1046 2532 1154 2611 exple·
1213 2602 1214 2605 Ἴ

134 2619 178 2679 ris
190 2635 319 2678 omnent
331 2617 594 2696 expectationem
605 2617 747 2677 diuturni
760 2615 911 2677 desiderii
923 2616 1031 2677 nostri.
1064 2616 1156 2678 Nam
1213 2608 1214 2623 ²

135 2722 232 2772 nunc,
247 2701 365 2782 quibus
389 2699 586 2761 studendum
608 2700 706 2761 rebus
728 2709 824 2771 esset,
847 2701 1044 2780 occepimus,
1066 2699 1155 2780 quod

135 2789 243 2866 ipsum
257 2794 307 2847 est
322 2795 435 2845 tamen
451 2804 630 2862 magnum3
653 2783 711 2846 sed
734 2787 807 2845 vias
831 2804 947 2844 earum
969 2803 1080 2845 rerum
1102 2806 1155 2846 ra·

133 2872 321 2947 tionemque
338 2869 487 2947 cupimus
502 2888 708 2945 cognoscere.
741 2868 830 2943 Quid
841 2870 878 2939 si,
890 2870 994 2947 inquit
1006 2867 1155 2939 Crassus,
1213 2922 1214 2925 ,

139 2953 307 3034 (quoniam
322 2971 394 3028 ego,
417 2951 480 3030 quo
502 2952 632 3014 facilius
647 2973 705 3013 vos
720 2954 808 3034 apud
832 2973 885 3013 me
910 2963 1066 3023 tenerem,
1081 2973 1153 3015 ves·

135 3050 193 3098 trae
215 3037 323 3116 potius
344 3036 519 3096 obsecutus
534 3052 606 3097 sum
621 3037 792 3109 voluntati,
814 3037 911 3116 quarn
935 3045 993 3098 aut
1017 3057 1155 3099 consue·

134 3121 239 3183 tudini
255 3129 313 3181 aut
328 3128 455 3180 naturae
470 3118 566 3196 meae)
583 3121 723 3200 petimus
738 3121 781 3181 ab
796 3121 948 3193 Antonio,
963 3130 1000 3182 ut
1015 3141 1067 3191 ea,
1078 3142 1154 3200 quae

135 3205 289 3276 continet,
304 3223 409 3283 neque
426 3203 532 3264 adhuc
548 3205 691 3284 protulit,
702 3225 743 3266 ex
754 3205 871 3284 quibus
886 3221 988 3266 unum
1003 3204 1154 3270 libellum

135 3290 197 3350 sibi
213 3289 370 3350 excidisse
389 3288 585 3367 jamdudum
607 3300 740 3367 questus
763 3302 823 3361 est,
845 3291 986 3386 explicet
1002 3289 1105 3363 nobis,
1120 3301 1155 3354 et

134 3374 194 3435 illa
208 3373 337 3435 dicendi
351 3375 509 3454 mysteria
524 3371 695 3435 enuntiet?
740 3373 785 3436 Ut
800 3373 939 3446 videtur,
953 3375 1059 3453 inquit
1079 3373 1153 3473 Sul·

133 3458 257 3539 pioius:
279 3477 367 3529 nam,
383 3457 524 3518 Antonio
539 3457 884 3538 dicente,eramqurd
905 3454 1152 3557 tusentias,i11·
1213 3466 1214 3471 ’

133 3543 329 3619 telligernus.
374 3539 455 3602 Peto
476 3542 586 3617 igitur,
608 3542 713 3621 inquit
735 3541 882 3615 Crassus
896 3563 918 3603 a
922 3552 975 3640 Ιτε,
997 3544 1154 3621 quoniam
1213 3614 1214 3619 η

134 3624 167 3686 id
181 3624 285 3696 nobie,
300 3623 432 3695 Antoni,
447 3622 632 3687 hominibus
653 3626 686 3687 id
708 3628 826 3698 aetatis,
841 3628 948 3688 oneris
970 3626 1013 3688 ab
1036 3626 1153 3690 horum

133 3708 393 3771 adolescentium
407 3706 545 3768 studiis
537 3711 722 3790 imponitur,
736 3719 774 3772 ut
788 3731 942 3813 exponas,
956 3710 1070 3790 quid
1048 3731 1089 3772 ns
1111 3711 1152 3775 de

133 3790 241 3865 rebus,
255 3811 339 3914 quas
352 3811 374 3852 a
388 3799 421 3855 te
437 3792 539 3870 quaeri
553 3794 654 3866 vides,
668 3797 834 3856 sentias
