<?xml version="1.0" encoding="UTF-8"?>
<!DOCTYPE html PUBLIC "-//W3C//DTD XHTML 1.0 Transitional//EN"
    "http://www.w3.org/TR/xhtml1/DTD/xhtml1-transitional.dtd">
<html xmlns="http://www.w3.org/1999/xhtml" xml:lang="en" lang="en">
 <head>
  <title>
</title>
<meta http-equiv="Content-Type" content="text/html;charset=utf-8" />
  <meta name='ocr-system' content='tesseract 3.04.00' />
  <meta name='ocr-capabilities' content='ocr_page ocr_carea ocr_par ocr_line ocrx_word'/>
</head>
<body>
  <div class='ocr_page' id='page_1' title='image "./mtulliiciceroni00kinggoog_0050.png"; bbox 0 0 2452 4290; ppageno 0'>
   <div class='ocr_carea' id='block_1_1' title="bbox 155 362 889 420">
    <p class='ocr_par' dir='ltr' id='par_1_1' title="bbox 155 362 889 420">
     <span class='ocr_line' id='line_1_1' title="bbox 155 362 889 420; baseline -0.008 0"><span class='ocrx_word' id='word_1_1' title='bbox 155 362 197 420; x_wconf 66' lang='lat'><strong>42</strong></span> <span class='ocrx_word' id='word_1_2' title='bbox 439 376 479 416; x_wconf 76' lang='lat' dir='ltr'><strong>DE</strong></span> <span class='ocrx_word' id='word_1_3' title='bbox 499 375 641 416; x_wconf 73' lang='lat' dir='ltr'>ORATORE</span> <span class='ocrx_word' id='word_1_4' title='bbox 662 376 751 417; x_wconf 72' lang='lat' dir='ltr'>LIBER</span> <span class='ocrx_word' id='word_1_5' title='bbox 771 375 889 417; x_wconf 70' lang='lat' dir='ltr'><strong>ramus</strong></span> 
     </span>
    </p>
   </div>
   <div class='ocr_carea' id='block_1_2' title="bbox 121 521 1217 3879">
    <p class='ocr_par' dir='ltr' id='par_1_2' title="bbox 121 521 1181 1106">
     <span class='ocr_line' id='line_1_2' title="bbox 121 521 1181 602; baseline -0.001 -16"><span class='ocrx_word' id='word_1_6' title='bbox 121 587 124 593; x_wconf 78' lang='grc'><strong>,</strong></span> <span class='ocrx_word' id='word_1_7' title='bbox 155 523 342 596; x_wconf 75' lang='lat' dir='ltr'><strong>camillum</strong></span> <span class='ocrx_word' id='word_1_8' title='bbox 358 521 600 593; x_wconf 86' lang='lat' dir='ltr'><strong>Divitem,ci1m</strong></span> <span class='ocrx_word' id='word_1_9' title='bbox 614 522 726 584; x_wconf 86' lang='lat' dir='ltr'><strong>multis</strong></span> <span class='ocrx_word' id='word_1_10' title='bbox 741 522 816 583; x_wconf 89' lang='lat' dir='ltr'><strong>aliis</strong></span> <span class='ocrx_word' id='word_1_11' title='bbox 830 522 864 582; x_wconf 89' lang='lat' dir='ltr'><strong>in</strong></span> <span class='ocrx_word' id='word_1_12' title='bbox 875 522 973 584; x_wconf 86' lang='lat' dir='ltr'><strong>rebus</strong></span> <span class='ocrx_word' id='word_1_13' title='bbox 985 524 1181 602; x_wconf 78' lang='lat' dir='ltr'><strong>elegantem</strong></span> 
     </span>
     <span class='ocr_line' id='line_1_3' title="bbox 155 606 1181 686; baseline 0 -16"><span class='ocrx_word' id='word_1_14' title='bbox 155 608 320 670; x_wconf 91' lang='lat' dir='ltr'><strong>hominem</strong></span> <span class='ocrx_word' id='word_1_15' title='bbox 337 618 370 668; x_wconf 90' lang='lat' dir='ltr'><strong>et</strong></span> <span class='ocrx_word' id='word_1_16' title='bbox 391 616 554 679; x_wconf 87' lang='lat' dir='ltr'><strong>ornatum,</strong></span> <span class='ocrx_word' id='word_1_17' title='bbox 568 618 639 669; x_wconf 88' lang='lat' dir='ltr'><strong>tum</strong></span> <span class='ocrx_word' id='word_1_18' title='bbox 660 607 825 686; x_wconf 79' lang='lat' dir='ltr'><strong>praecipud</strong></span> <span class='ocrx_word' id='word_1_19' title='bbox 840 608 874 666; x_wconf 93' lang='lat' dir='ltr'><strong>in</strong></span> <span class='ocrx_word' id='word_1_20' title='bbox 892 606 954 668; x_wconf 90' lang='lat' dir='ltr'><strong>hoc</strong></span> <span class='ocrx_word' id='word_1_21' title='bbox 970 607 1181 670; x_wconf 88' lang='lat' dir='ltr'><strong>efferendum</strong></span> 
     </span>
     <span class='ocr_line' id='line_1_4' title="bbox 155 689 1181 771; baseline 0 -17"><span class='ocrx_word' id='word_1_22' title='bbox 155 702 189 754; x_wconf 91' lang='lat' dir='ltr'><strong>et</strong></span> <span class='ocrx_word' id='word_1_23' title='bbox 213 692 414 754; x_wconf 86' lang='lat' dir='ltr'><strong>laudandum</strong></span> <span class='ocrx_word' id='word_1_24' title='bbox 437 700 525 771; x_wconf 87' lang='lat' dir='ltr'><strong>puto,</strong></span> <span class='ocrx_word' id='word_1_25' title='bbox 541 691 636 770; x_wconf 81' lang='lat' dir='ltr'><strong>quod,</strong></span> <span class='ocrx_word' id='word_1_26' title='bbox 652 692 726 751; x_wconf 79' lang='lat' dir='ltr'><strong>elim</strong></span> <span class='ocrx_word' id='word_1_27' title='bbox 742 689 776 752; x_wconf 93' lang='lat' dir='ltr'><strong>P.</strong></span> <span class='ocrx_word' id='word_1_28' title='bbox 793 690 952 752; x_wconf 81' lang='lat' dir='ltr'><strong>Scaevolae</strong></span> <span class='ocrx_word' id='word_1_29' title='bbox 968 691 1073 754; x_wconf 87' lang='lat' dir='ltr'><strong>frater</strong></span> <span class='ocrx_word' id='word_1_30' title='bbox 1088 702 1181 754; x_wconf 88' lang='lat' dir='ltr'><strong>esset</strong></span> 
     </span>
     <span class='ocr_line' id='line_1_5' title="bbox 156 774 1180 854; baseline 0 -16"><span class='ocrx_word' id='word_1_31' title='bbox 156 777 270 838; x_wconf 87' lang='lat' dir='ltr'><strong>solitus</strong></span> <span class='ocrx_word' id='word_1_32' title='bbox 286 787 335 838; x_wconf 86' lang='lat' dir='ltr'><strong>est</strong></span> <span class='ocrx_word' id='word_1_33' title='bbox 351 778 382 836; x_wconf 91' lang='lat' dir='ltr'><strong>ei</strong></span> <span class='ocrx_word' id='word_1_34' title='bbox 405 776 550 854; x_wconf 71' lang='lat' dir='ltr'><strong>persaepe</strong></span> <span class='ocrx_word' id='word_1_35' title='bbox 565 774 685 844; x_wconf 77' lang='lat' dir='ltr'>dicere,</span> <span class='ocrx_word' id='word_1_36' title='bbox 701 794 805 852; x_wconf 89' lang='lat' dir='ltr'><strong>neque</strong></span> <span class='ocrx_word' id='word_1_37' title='bbox 828 775 972 836; x_wconf 90' lang='lat' dir='ltr'><strong>illumin</strong></span> <span class='ocrx_word' id='word_1_38' title='bbox 990 777 1066 853; x_wconf 89' lang='lat' dir='ltr'><strong>jure</strong></span> <span class='ocrx_word' id='word_1_39' title='bbox 1084 778 1180 838; x_wconf 87' lang='lat' dir='ltr'><strong>civili</strong></span> 
     </span>
     <span class='ocr_line' id='line_1_6' title="bbox 153 857 1180 941; baseline 0.002 -21"><span class='ocrx_word' id='word_1_40' title='bbox 153 862 236 921; x_wconf 85' lang='lat' dir='ltr'><strong>satis</strong></span> <span class='ocrx_word' id='word_1_41' title='bbox 253 857 315 940; x_wconf 93' lang='lat' dir='ltr'><strong>[illi</strong></span> <span class='ocrx_word' id='word_1_42' title='bbox 332 859 410 941; x_wconf 78' lang='lat' dir='ltr'><strong>artI]</strong></span> <span class='ocrx_word' id='word_1_43' title='bbox 428 859 537 920; x_wconf 84' lang='lat' dir='ltr'><strong>lacere</strong></span> <span class='ocrx_word' id='word_1_44' title='bbox 560 877 667 937; x_wconf 80' lang='lat' dir='ltr'><strong>posse,</strong></span> <span class='ocrx_word' id='word_1_45' title='bbox 678 858 741 918; x_wconf 89' lang='lat' dir='ltr'><strong>nisi</strong></span> <span class='ocrx_word' id='word_1_46' title='bbox 759 858 887 919; x_wconf 89' lang='lat' dir='ltr'><strong>dicendi</strong></span> <span class='ocrx_word' id='word_1_47' title='bbox 904 861 1033 938; x_wconf 90' lang='lat' dir='ltr'><strong>copiam</strong></span> <span class='ocrx_word' id='word_1_48' title='bbox 1048 879 1180 923; x_wconf 87' lang='lat' dir='ltr'><strong>assum-</strong></span> 
     </span>
     <span class='ocr_line' id='line_1_7' title="bbox 156 940 1179 1024; baseline 0.002 -19"><span class='ocrx_word' id='word_1_49' title='bbox 156 947 251 1005; x_wconf 83' lang='lat' dir='ltr'><strong>sisset</strong></span> <span class='ocrx_word' id='word_1_50' title='bbox 269 943 367 1024; x_wconf 90' lang='lat' dir='ltr'><strong>(quod</strong></span> <span class='ocrx_word' id='word_1_51' title='bbox 389 943 519 1022; x_wconf 90' lang='lat' dir='ltr'><strong>quidem</strong></span> <span class='ocrx_word' id='word_1_52' title='bbox 543 941 607 1013; x_wconf 92' lang='lat' dir='ltr'><strong>hic,</strong></span> <span class='ocrx_word' id='word_1_53' title='bbox 621 943 678 1021; x_wconf 88' lang='lat' dir='ltr'><strong>qui</strong></span> <span class='ocrx_word' id='word_1_54' title='bbox 701 961 831 1002; x_wconf 88' lang='lat' dir='ltr'><strong>mecum</strong></span> <span class='ocrx_word' id='word_1_55' title='bbox 853 944 967 1003; x_wconf 89' lang='lat' dir='ltr'><strong>consul</strong></span> <span class='ocrx_word' id='word_1_56' title='bbox 992 940 1064 1014; x_wconf 72' lang='lat' dir='ltr'><strong>fuit,</strong></span> <span class='ocrx_word' id='word_1_57' title='bbox 1089 946 1179 1007; x_wconf 88' lang='lat' dir='ltr'><strong>filius</strong></span> 
     </span>
     <span class='ocr_line' id='line_1_8' title="bbox 156 1026 1180 1106; baseline 0 -16"><span class='ocrx_word' id='word_1_58' title='bbox 156 1031 236 1106; x_wconf 80' lang='lat' dir='ltr'><strong>ejus,</strong></span> <span class='ocrx_word' id='word_1_59' title='bbox 251 1039 301 1089; x_wconf 91' lang='lat' dir='ltr'><strong>est</strong></span> <span class='ocrx_word' id='word_1_60' title='bbox 322 1026 548 1102; x_wconf 86' lang='lat' dir='ltr'><strong>consecutus);</strong></span> <span class='ocrx_word' id='word_1_61' title='bbox 572 1045 677 1104; x_wconf 84' lang='lat' dir='ltr'><strong>neque</strong></span> <span class='ocrx_word' id='word_1_62' title='bbox 700 1044 734 1085; x_wconf 89' lang='lat' dir='ltr'><strong>se</strong></span> <span class='ocrx_word' id='word_1_63' title='bbox 751 1026 827 1085; x_wconf 77' lang='lat' dir='ltr'><strong>ante</strong></span> <span class='ocrx_word' id='word_1_64' title='bbox 850 1046 970 1086; x_wconf 78' lang='lat' dir='ltr'><strong>causas</strong></span> <span class='ocrx_word' id='word_1_65' title='bbox 992 1028 1180 1090; x_wconf 88' lang='lat' dir='ltr'><strong>amicorum</strong></span> 
     </span>
    </p>

    <p class='ocr_par' dir='ltr' id='par_1_3' title="bbox 132 1109 1179 2013">
     <span class='ocr_line' id='line_1_9' title="bbox 132 1109 1178 1189; baseline -0.001 -15"><span class='ocrx_word' id='word_1_66' title='bbox 132 1172 137 1176; x_wconf 84' lang='grc'><em>,</em></span> <span class='ocrx_word' id='word_1_67' title='bbox 155 1121 299 1173; x_wconf 87' lang='lat' dir='ltr'><strong>tractare</strong></span> <span class='ocrx_word' id='word_1_68' title='bbox 316 1122 415 1189; x_wconf 89' lang='lat' dir='ltr'><strong>atque</strong></span> <span class='ocrx_word' id='word_1_69' title='bbox 432 1130 531 1187; x_wconf 84' lang='lat' dir='ltr'><strong>agere</strong></span> <span class='ocrx_word' id='word_1_70' title='bbox 548 1111 695 1188; x_wconf 86' lang='lat' dir='ltr'><strong>coepisse,</strong></span> <span class='ocrx_word' id='word_1_71' title='bbox 706 1109 804 1187; x_wconf 75' lang='lat' dir='ltr'><strong>quam</strong></span> <span class='ocrx_word' id='word_1_72' title='bbox 814 1110 870 1186; x_wconf 89' lang='lat' dir='ltr'><strong>jus</strong></span> <span class='ocrx_word' id='word_1_73' title='bbox 886 1111 982 1171; x_wconf 92' lang='lat' dir='ltr'><strong>civile</strong></span> <span class='ocrx_word' id='word_1_74' title='bbox 994 1110 1178 1175; x_wconf 83' lang='lat' dir='ltr'><strong>didicisset.</strong></span> 
     </span>
     <span class='ocr_line' id='line_1_10' title="bbox 156 1190 1179 1272; baseline 0.002 -16"><span class='ocrx_word' id='word_1_75' title='bbox 156 1195 245 1271; x_wconf 79' lang='lat' dir='ltr'><strong>Quid</strong></span> <span class='ocrx_word' id='word_1_76' title='bbox 260 1195 338 1256; x_wconf 81' lang='lat' dir='ltr'><strong>verb</strong></span> <span class='ocrx_word' id='word_1_77' title='bbox 353 1195 408 1255; x_wconf 93' lang='lat' dir='ltr'><strong>ille</strong></span> <span class='ocrx_word' id='word_1_78' title='bbox 425 1194 471 1255; x_wconf 88' lang='lat' dir='ltr'><strong>M.</strong></span> <span class='ocrx_word' id='word_1_79' title='bbox 488 1190 592 1256; x_wconf 83' lang='lat' dir='ltr'><strong>Catol</strong></span> <span class='ocrx_word' id='word_1_80' title='bbox 617 1213 723 1254; x_wconf 91' lang='lat' dir='ltr'><strong>nonne</strong></span> <span class='ocrx_word' id='word_1_81' title='bbox 739 1193 972 1272; x_wconf 78' lang='lat' dir='ltr'><strong>eteloquentia</strong></span> <span class='ocrx_word' id='word_1_82' title='bbox 993 1195 1090 1255; x_wconf 69' lang='lat' dir='ltr'><strong>tanta</strong></span> <span class='ocrx_word' id='word_1_83' title='bbox 1105 1196 1179 1265; x_wconf 90' lang='lat' dir='ltr'><strong>fuit,</strong></span> 
     </span>
     <span class='ocr_line' id='line_1_11' title="bbox 155 1276 1178 1358; baseline 0 -17"><span class='ocrx_word' id='word_1_84' title='bbox 155 1290 315 1358; x_wconf 88' lang='lat' dir='ltr'><strong>quantam</strong></span> <span class='ocrx_word' id='word_1_85' title='bbox 339 1279 398 1339; x_wconf 91' lang='lat' dir='ltr'><strong>illa</strong></span> <span class='ocrx_word' id='word_1_86' title='bbox 419 1286 578 1357; x_wconf 90' lang='lat' dir='ltr'><strong>tempora,</strong></span> <span class='ocrx_word' id='word_1_87' title='bbox 594 1286 692 1355; x_wconf 89' lang='lat' dir='ltr'><strong>atque</strong></span> <span class='ocrx_word' id='word_1_88' title='bbox 717 1276 775 1337; x_wconf 83' lang='lat' dir='ltr'><strong>illa</strong></span> <span class='ocrx_word' id='word_1_89' title='bbox 790 1287 871 1337; x_wconf 85' lang='lat' dir='ltr'><strong>aetas</strong></span> <span class='ocrx_word' id='word_1_90' title='bbox 894 1279 927 1339; x_wconf 94' lang='lat' dir='ltr'><strong>in</strong></span> <span class='ocrx_word' id='word_1_91' title='bbox 952 1276 1014 1338; x_wconf 88' lang='lat' dir='ltr'><strong>hac</strong></span> <span class='ocrx_word' id='word_1_92' title='bbox 1037 1280 1178 1341; x_wconf 90' lang='lat' dir='ltr'><strong>civitate</strong></span> 
     </span>
     <span class='ocr_line' id='line_1_12' title="bbox 155 1361 1178 1441; baseline -0.001 -16"><span class='ocrx_word' id='word_1_93' title='bbox 155 1364 240 1425; x_wconf 88' lang='lat' dir='ltr'><strong>ferre</strong></span> <span class='ocrx_word' id='word_1_94' title='bbox 256 1367 436 1425; x_wconf 79' lang='lat' dir='ltr'><strong>maximam</strong></span> <span class='ocrx_word' id='word_1_95' title='bbox 452 1364 566 1441; x_wconf 91' lang='lat' dir='ltr'><strong>potuit,</strong></span> <span class='ocrx_word' id='word_1_96' title='bbox 581 1371 614 1421; x_wconf 86' lang='lat' dir='ltr'><strong>et</strong></span> <span class='ocrx_word' id='word_1_97' title='bbox 632 1362 716 1438; x_wconf 88' lang='lat' dir='ltr'><strong>juris</strong></span> <span class='ocrx_word' id='word_1_98' title='bbox 732 1361 838 1421; x_wconf 88' lang='lat' dir='ltr'><strong>civilis</strong></span> <span class='ocrx_word' id='word_1_99' title='bbox 853 1363 999 1423; x_wconf 90' lang='lat' dir='ltr'><strong>omnium</strong></span> <span class='ocrx_word' id='word_1_100' title='bbox 1017 1364 1178 1441; x_wconf 85' lang='lat' dir='ltr'><strong>peritissi-</strong></span> 
     </span>
     <span class='ocr_line' id='line_1_13' title="bbox 156 1444 1178 1525; baseline -0.002 -15"><span class='ocrx_word' id='word_1_101' title='bbox 156 1446 252 1510; x_wconf 78' lang='lat' dir='ltr'><strong>musl</strong></span> <span class='ocrx_word' id='word_1_102' title='bbox 297 1447 523 1509; x_wconf 80' lang='lat' dir='ltr'><strong>Verecundius</strong></span> <span class='ocrx_word' id='word_1_103' title='bbox 546 1445 715 1507; x_wconf 88' lang='lat' dir='ltr'><strong>haedere</strong></span> <span class='ocrx_word' id='word_1_104' title='bbox 733 1444 928 1521; x_wconf 88' lang='lat' dir='ltr'><strong>jamdudum</strong></span> <span class='ocrx_word' id='word_1_105' title='bbox 949 1446 1074 1524; x_wconf 89' lang='lat' dir='ltr'><strong>loquor,</strong></span> <span class='ocrx_word' id='word_1_106' title='bbox 1090 1447 1178 1525; x_wconf 79' lang='lat' dir='ltr'><strong>quod</strong></span> 
     </span>
     <span class='ocr_line' id='line_1_14' title="bbox 156 1530 1179 1607; baseline 0 -14"><span class='ocrx_word' id='word_1_107' title='bbox 156 1533 250 1594; x_wconf 88' lang='lat' dir='ltr'><strong>adest</strong></span> <span class='ocrx_word' id='word_1_108' title='bbox 265 1533 316 1592; x_wconf 77' lang='lat' dir='ltr'><strong>vir</strong></span> <span class='ocrx_word' id='word_1_109' title='bbox 330 1534 365 1592; x_wconf 90' lang='lat' dir='ltr'><strong>in</strong></span> <span class='ocrx_word' id='word_1_110' title='bbox 380 1530 517 1592; x_wconf 88' lang='lat' dir='ltr'><strong>dicendo</strong></span> <span class='ocrx_word' id='word_1_111' title='bbox 531 1548 687 1600; x_wconf 88' lang='lat' dir='ltr'><strong>summus,</strong></span> <span class='ocrx_word' id='word_1_112' title='bbox 702 1549 799 1607; x_wconf 91' lang='lat' dir='ltr'><strong>quem</strong></span> <span class='ocrx_word' id='word_1_113' title='bbox 815 1548 877 1607; x_wconf 91' lang='lat' dir='ltr'><strong>ego</strong></span> <span class='ocrx_word' id='word_1_114' title='bbox 892 1548 994 1591; x_wconf 92' lang='lat' dir='ltr'><strong>unum</strong></span> <span class='ocrx_word' id='word_1_115' title='bbox 1009 1539 1179 1593; x_wconf 87' lang='lat' dir='ltr'><strong>oratorem</strong></span> 
     </span>
     <span class='ocr_line' id='line_1_15' title="bbox 155 1613 1178 1693; baseline -0.001 -16"><span class='ocrx_word' id='word_1_116' title='bbox 155 1617 299 1678; x_wconf 79' lang='lat' dir='ltr'><strong>maxime</strong></span> <span class='ocrx_word' id='word_1_117' title='bbox 315 1615 476 1684; x_wconf 80' lang='lat' dir='ltr'><strong>admiror3</strong></span> <span class='ocrx_word' id='word_1_118' title='bbox 497 1613 556 1674; x_wconf 85' lang='lat' dir='ltr'><strong>sed</strong></span> <span class='ocrx_word' id='word_1_119' title='bbox 579 1622 691 1675; x_wconf 88' lang='lat' dir='ltr'><strong>tamen</strong></span> <span class='ocrx_word' id='word_1_120' title='bbox 715 1613 802 1674; x_wconf 90' lang='lat' dir='ltr'><strong>idem</strong></span> <span class='ocrx_word' id='word_1_121' title='bbox 826 1613 886 1674; x_wconf 90' lang='lat' dir='ltr'><strong>hoc</strong></span> <span class='ocrx_word' id='word_1_122' title='bbox 910 1633 1039 1693; x_wconf 86' lang='lat' dir='ltr'><strong>semper</strong></span> <span class='ocrx_word' id='word_1_123' title='bbox 1056 1615 1114 1691; x_wconf 87' lang='lat' dir='ltr'><strong>jus</strong></span> <span class='ocrx_word' id='word_1_124' title='bbox 1135 1617 1178 1676; x_wconf 90' lang='lat' dir='ltr'><strong>ci·</strong></span> 
     </span>
     <span class='ocr_line' id='line_1_16' title="bbox 156 1697 1178 1779; baseline -0.001 -18"><span class='ocrx_word' id='word_1_125' title='bbox 156 1701 222 1761; x_wconf 88' lang='lat' dir='ltr'><strong>vile</strong></span> <span class='ocrx_word' id='word_1_126' title='bbox 246 1701 427 1760; x_wconf 82' lang='lat' dir='ltr'><strong>contemsit.</strong></span> <span class='ocrx_word' id='word_1_127' title='bbox 472 1697 605 1766; x_wconf 78' lang='lat' dir='ltr'><strong>Verum,</strong></span> <span class='ocrx_word' id='word_1_128' title='bbox 621 1698 776 1775; x_wconf 88' lang='lat' dir='ltr'><strong>quoniam</strong></span> <span class='ocrx_word' id='word_1_129' title='bbox 798 1699 968 1758; x_wconf 86' lang='lat' dir='ltr'><strong>sententiae</strong></span> <span class='ocrx_word' id='word_1_130' title='bbox 990 1707 1091 1774; x_wconf 89' lang='lat' dir='ltr'><strong>atque</strong></span> <span class='ocrx_word' id='word_1_131' title='bbox 1108 1700 1178 1779; x_wconf 91' lang='lat' dir='ltr'><strong>opi·</strong></span> 
     </span>
     <span class='ocr_line' id='line_1_17' title="bbox 156 1780 1178 1861; baseline -0.001 -16"><span class='ocrx_word' id='word_1_132' title='bbox 156 1784 262 1845; x_wconf 87' lang='lat' dir='ltr'><strong>nionis</strong></span> <span class='ocrx_word' id='word_1_133' title='bbox 278 1803 359 1844; x_wconf 85' lang='lat' dir='ltr'><strong>meae</strong></span> <span class='ocrx_word' id='word_1_134' title='bbox 371 1782 519 1843; x_wconf 88' lang='lat' dir='ltr'><strong>voluistis</strong></span> <span class='ocrx_word' id='word_1_135' title='bbox 534 1800 606 1842; x_wconf 88' lang='lat' dir='ltr'><strong>esse</strong></span> <span class='ocrx_word' id='word_1_136' title='bbox 622 1782 810 1861; x_wconf 72' lang='lat' dir='ltr'><strong>participes</strong></span> <span class='ocrx_word' id='word_1_137' title='bbox 821 1780 901 1842; x_wconf 89' lang='lat' dir='ltr'><strong>nihil</strong></span> <span class='ocrx_word' id='word_1_138' title='bbox 916 1781 1110 1852; x_wconf 84' lang='lat' dir='ltr'><strong>occultab03</strong></span> <span class='ocrx_word' id='word_1_139' title='bbox 1135 1791 1178 1853; x_wconf 85' lang='lat' dir='ltr'><strong>et,</strong></span> 
     </span>
     <span class='ocr_line' id='line_1_18' title="bbox 150 1865 1178 1947; baseline -0.002 -19"><span class='ocrx_word' id='word_1_140' title='bbox 150 1867 264 1947; x_wconf 28' lang='lat' dir='ltr'><strong>,quoad</strong></span> <span class='ocrx_word' id='word_1_141' title='bbox 286 1876 408 1947; x_wconf 91' lang='lat' dir='ltr'><strong>potero,</strong></span> <span class='ocrx_word' id='word_1_142' title='bbox 423 1865 517 1927; x_wconf 90' lang='lat' dir='ltr'><strong>vobis</strong></span> <span class='ocrx_word' id='word_1_143' title='bbox 539 1884 710 1947; x_wconf 84' lang='lat' dir='ltr'><strong>exponam,</strong></span> <span class='ocrx_word' id='word_1_144' title='bbox 730 1865 807 1945; x_wconf 91' lang='lat' dir='ltr'><strong>quid</strong></span> <span class='ocrx_word' id='word_1_145' title='bbox 831 1865 870 1926; x_wconf 90' lang='lat' dir='ltr'><strong>de</strong></span> <span class='ocrx_word' id='word_1_146' title='bbox 894 1866 1019 1945; x_wconf 74' lang='lat' dir='ltr'><strong>quaque</strong></span> <span class='ocrx_word' id='word_1_147' title='bbox 1043 1885 1079 1927; x_wconf 92' lang='lat' dir='ltr'><strong>re</strong></span> <span class='ocrx_word' id='word_1_148' title='bbox 1105 1886 1178 1927; x_wconf 88' lang='lat' dir='ltr'><strong>sen-</strong></span> 
     </span>
     <span class='ocr_line' id='line_1_19' title="bbox 156 1954 1038 2013; baseline -0.002 0"><span class='ocrx_word' id='word_1_149' title='bbox 156 1954 248 2013; x_wconf 87' lang='lat' dir='ltr'><strong>tiam.</strong></span> <span class='ocrx_word' id='word_1_150' title='bbox 1034 1982 1038 1987; x_wconf 82' lang='lat'><em>-</em></span> 
     </span>
    </p>

    <p class='ocr_par' dir='ltr' id='par_1_4' title="bbox 156 2033 1178 2451">
     <span class='ocr_line' id='line_1_20' title="bbox 199 2033 1178 2113; baseline -0.002 -16"><span class='ocrx_word' id='word_1_151' title='bbox 199 2035 378 2107; x_wconf 71' lang='lat' dir='ltr'><strong>XXXVIII.</strong></span> <span class='ocrx_word' id='word_1_152' title='bbox 402 2035 536 2096; x_wconf 89' lang='lat' dir='ltr'><strong>Antonii</strong></span> <span class='ocrx_word' id='word_1_153' title='bbox 551 2033 749 2094; x_wconf 89' lang='lat' dir='ltr'><strong>incredibilis</strong></span> <span class='ocrx_word' id='word_1_154' title='bbox 764 2033 923 2112; x_wconf 68' lang='lat' dir='ltr'><strong>quaedam,</strong></span> <span class='ocrx_word' id='word_1_155' title='bbox 938 2042 972 2094; x_wconf 91' lang='lat' dir='ltr'><strong>et</strong></span> <span class='ocrx_word' id='word_1_156' title='bbox 993 2033 1095 2113; x_wconf 79' lang='lat' dir='ltr'><strong>prope</strong></span> <span class='ocrx_word' id='word_1_157' title='bbox 1111 2036 1178 2095; x_wconf 91' lang='lat' dir='ltr'><strong>sin·</strong></span> 
     </span>
     <span class='ocr_line' id='line_1_21' title="bbox 157 2117 1178 2196; baseline 0.001 -17"><span class='ocrx_word' id='word_1_158' title='bbox 157 2120 282 2196; x_wconf 85' lang='lat' dir='ltr'><strong>gularis</strong></span> <span class='ocrx_word' id='word_1_159' title='bbox 297 2128 330 2180; x_wconf 86' lang='lat' dir='ltr'><strong>et</strong></span> <span class='ocrx_word' id='word_1_160' title='bbox 345 2119 466 2190; x_wconf 86' lang='lat' dir='ltr'><strong>divina,</strong></span> <span class='ocrx_word' id='word_1_161' title='bbox 482 2119 531 2178; x_wconf 89' lang='lat' dir='ltr'><strong>vis</strong></span> <span class='ocrx_word' id='word_1_162' title='bbox 546 2119 669 2196; x_wconf 90' lang='lat' dir='ltr'><strong>ingenii</strong></span> <span class='ocrx_word' id='word_1_163' title='bbox 685 2118 823 2187; x_wconf 85' lang='lat' dir='ltr'><strong>videtur,</strong></span> <span class='ocrx_word' id='word_1_164' title='bbox 839 2118 968 2178; x_wconf 90' lang='lat' dir='ltr'><strong>etiamsi</strong></span> <span class='ocrx_word' id='word_1_165' title='bbox 991 2117 1054 2177; x_wconf 89' lang='lat' dir='ltr'><strong>hac</strong></span> <span class='ocrx_word' id='word_1_166' title='bbox 1069 2121 1178 2180; x_wconf 88' lang='lat' dir='ltr'><strong>scien·</strong></span> 
     </span>
     <span class='ocr_line' id='line_1_22' title="bbox 156 2202 1177 2283; baseline 0 -19"><span class='ocrx_word' id='word_1_167' title='bbox 156 2205 204 2264; x_wconf 76' lang='lat' dir='ltr'><strong>tia</strong></span> <span class='ocrx_word' id='word_1_168' title='bbox 214 2205 298 2283; x_wconf 82' lang='lat' dir='ltr'><strong>juris</strong></span> <span class='ocrx_word' id='word_1_169' title='bbox 309 2204 435 2264; x_wconf 88' lang='lat' dir='ltr'><strong>nudata</strong></span> <span class='ocrx_word' id='word_1_170' title='bbox 450 2204 500 2274; x_wconf 90' lang='lat' dir='ltr'><strong>sit,</strong></span> <span class='ocrx_word' id='word_1_171' title='bbox 512 2222 606 2282; x_wconf 85' lang='lat' dir='ltr'><strong>posse</strong></span> <span class='ocrx_word' id='word_1_172' title='bbox 622 2222 656 2261; x_wconf 89' lang='lat' dir='ltr'><strong>se</strong></span> <span class='ocrx_word' id='word_1_173' title='bbox 669 2202 765 2262; x_wconf 74' lang='lat' dir='ltr'><strong>laeile</strong></span> <span class='ocrx_word' id='word_1_174' title='bbox 782 2203 909 2265; x_wconf 86' lang='lat' dir='ltr'><strong>caeteris</strong></span> <span class='ocrx_word' id='word_1_175' title='bbox 921 2202 1021 2261; x_wconf 87' lang='lat' dir='ltr'><strong>armis</strong></span> <span class='ocrx_word' id='word_1_176' title='bbox 1036 2202 1177 2280; x_wconf 89' lang='lat' dir='ltr'><strong>pruden-</strong></span> 
     </span>
     <span class='ocr_line' id='line_1_23' title="bbox 157 2283 1178 2365; baseline -0.002 -18"><span class='ocrx_word' id='word_1_177' title='bbox 157 2289 212 2348; x_wconf 83' lang='lat' dir='ltr'><strong>tiae</strong></span> <span class='ocrx_word' id='word_1_178' title='bbox 234 2288 321 2348; x_wconf 87' lang='lat' dir='ltr'><strong>tueri</strong></span> <span class='ocrx_word' id='word_1_179' title='bbox 343 2296 441 2365; x_wconf 88' lang='lat' dir='ltr'><strong>atque</strong></span> <span class='ocrx_word' id='word_1_180' title='bbox 464 2286 648 2346; x_wconf 82' lang='lat' dir='ltr'><strong>defendere.</strong></span> <span class='ocrx_word' id='word_1_181' title='bbox 693 2284 917 2359; x_wconf 81' lang='lat' dir='ltr'><strong>Quamobrem</strong></span> <span class='ocrx_word' id='word_1_182' title='bbox 941 2283 993 2345; x_wconf 93' lang='lat' dir='ltr'><strong>hic</strong></span> <span class='ocrx_word' id='word_1_183' title='bbox 1016 2284 1112 2345; x_wconf 91' lang='lat' dir='ltr'><strong>nobis</strong></span> <span class='ocrx_word' id='word_1_184' title='bbox 1136 2287 1178 2347; x_wconf 87' lang='lat' dir='ltr'><strong>sit</strong></span> 
     </span>
     <span class='ocr_line' id='line_1_24' title="bbox 158 2369 1176 2451; baseline -0.002 -19"><span class='ocrx_word' id='word_1_185' title='bbox 158 2381 335 2450; x_wconf 84' lang='lat' dir='ltr'><strong>exceptus:</strong></span> <span class='ocrx_word' id='word_1_186' title='bbox 358 2380 493 2451; x_wconf 67' lang='lat' dir='ltr'><strong>cataros</strong></span> <span class='ocrx_word' id='word_1_187' title='bbox 515 2369 593 2430; x_wconf 77' lang='lat' dir='ltr'><strong>verb</strong></span> <span class='ocrx_word' id='word_1_188' title='bbox 617 2389 681 2431; x_wconf 92' lang='lat' dir='ltr'><strong>non</strong></span> <span class='ocrx_word' id='word_1_189' title='bbox 703 2369 860 2429; x_wconf 85' lang='lat' dir='ltr'><strong>dubitabo</strong></span> <span class='ocrx_word' id='word_1_190' title='bbox 884 2369 1024 2448; x_wconf 78' lang='lat' dir='ltr'><strong>primum</strong></span> <span class='ocrx_word' id='word_1_191' title='bbox 1046 2369 1176 2430; x_wconf 81' lang='lat' dir='ltr'><strong>inertiae</strong></span> 
     </span>
    </p>

    <p class='ocr_par' dir='ltr' id='par_1_5' title="bbox 153 2451 1217 3879">
     <span class='ocr_line' id='line_1_25' title="bbox 179 2451 1177 2532; baseline -0.002 -18"><span class='ocrx_word' id='word_1_192' title='bbox 179 2456 377 2516; x_wconf 90' lang='lat' dir='ltr'><strong>ondemnare</strong></span> <span class='ocrx_word' id='word_1_193' title='bbox 407 2454 567 2514; x_wconf 70' lang='lat' dir='ltr'><strong>sententiis</strong></span> <span class='ocrx_word' id='word_1_194' title='bbox 596 2454 678 2524; x_wconf 72' lang='lat' dir='ltr'><strong>meri,</strong></span> <span class='ocrx_word' id='word_1_195' title='bbox 715 2453 787 2532; x_wconf 82' lang='lat' dir='ltr'><strong>post</strong></span> <span class='ocrx_word' id='word_1_196' title='bbox 816 2454 917 2513; x_wconf 90' lang='lat' dir='ltr'><strong>etiam</strong></span> <span class='ocrx_word' id='word_1_197' title='bbox 954 2451 1177 2532; x_wconf 70' lang='lat' dir='ltr'><strong>impudentiae.</strong></span> 
     </span>
     <span class='ocr_line' id='line_1_26' title="bbox 158 2536 1177 2621; baseline -0.002 -22"><span class='ocrx_word' id='word_1_198' title='bbox 158 2537 248 2599; x_wconf 90' lang='lat' dir='ltr'><strong>Nam</strong></span> <span class='ocrx_word' id='word_1_199' title='bbox 260 2540 398 2600; x_wconf 88' lang='lat' dir='ltr'><strong>volitare</strong></span> <span class='ocrx_word' id='word_1_200' title='bbox 415 2539 448 2598; x_wconf 92' lang='lat' dir='ltr'><strong>in</strong></span> <span class='ocrx_word' id='word_1_201' title='bbox 465 2537 542 2607; x_wconf 89' lang='lat' dir='ltr'><strong>foro,</strong></span> <span class='ocrx_word' id='word_1_202' title='bbox 555 2537 724 2621; x_wconf 46' lang='grc' dir='ltr'><strong>ἰωῇ]</strong></span> <span class='ocrx_word' id='word_1_203' title='bbox 735 2538 812 2615; x_wconf 70' lang='lat' dir='ltr'><strong>jJire</strong></span> <span class='ocrx_word' id='word_1_204' title='bbox 829 2556 868 2597; x_wconf 90' lang='lat' dir='ltr'><strong>ae</strong></span> <span class='ocrx_word' id='word_1_205' title='bbox 884 2545 1062 2617; x_wconf 59' lang='lat' dir='ltr'><strong>pratorum</strong></span> <span class='ocrx_word' id='word_1_206' title='bbox 1073 2536 1177 2605; x_wconf 76' lang='lat' dir='ltr'><strong>tribu·</strong></span> 
     </span>
     <span class='ocr_line' id='line_1_27' title="bbox 153 2620 1178 2701; baseline -0.003 -18"><span class='ocrx_word' id='word_1_207' title='bbox 153 2621 298 2695; x_wconf 58' lang='lat' dir='ltr'><strong>malibus,</strong></span> <span class='ocrx_word' id='word_1_208' title='bbox 316 2622 444 2700; x_wconf 82' lang='lat' dir='ltr'><strong>J&#39;udicia</strong></span> <span class='ocrx_word' id='word_1_209' title='bbox 459 2623 591 2701; x_wconf 84' lang='lat' dir='ltr'><strong>privata</strong></span> <span class='ocrx_word' id='word_1_210' title='bbox 606 2640 802 2697; x_wconf 89' lang='lat' dir='ltr'><strong>magnarum</strong></span> <span class='ocrx_word' id='word_1_211' title='bbox 818 2639 926 2680; x_wconf 88' lang='lat' dir='ltr'><strong>rerum</strong></span> <span class='ocrx_word' id='word_1_212' title='bbox 942 2620 1041 2687; x_wconf 86' lang='lat' dir='ltr'><strong>obire,</strong></span> <span class='ocrx_word' id='word_1_213' title='bbox 1056 2620 1091 2679; x_wconf 92' lang='lat' dir='ltr'><strong>in</strong></span> <span class='ocrx_word' id='word_1_214' title='bbox 1107 2622 1178 2698; x_wconf 91' lang='lat' dir='ltr'><strong>qni-</strong></span> 
     </span>
     <span class='ocr_line' id='line_1_28' title="bbox 157 2703 1178 2786; baseline -0.003 -20"><span class='ocrx_word' id='word_1_215' title='bbox 157 2706 220 2766; x_wconf 89' lang='lat' dir='ltr'><strong>bns</strong></span> <span class='ocrx_word' id='word_1_216' title='bbox 235 2708 322 2786; x_wconf 77' lang='lat' dir='ltr'><strong>saepe</strong></span> <span class='ocrx_word' id='word_1_217' title='bbox 337 2727 401 2766; x_wconf 90' lang='lat' dir='ltr'><strong>non</strong></span> <span class='ocrx_word' id='word_1_218' title='bbox 413 2705 452 2766; x_wconf 88' lang='lat' dir='ltr'><strong>de</strong></span> <span class='ocrx_word' id='word_1_219' title='bbox 469 2704 565 2774; x_wconf 85' lang='lat' dir='ltr'><strong>facto,</strong></span> <span class='ocrx_word' id='word_1_220' title='bbox 577 2703 634 2764; x_wconf 88' lang='lat' dir='ltr'><strong>sed</strong></span> <span class='ocrx_word' id='word_1_221' title='bbox 650 2705 689 2764; x_wconf 89' lang='lat' dir='ltr'><strong>de</strong></span> <span class='ocrx_word' id='word_1_222' title='bbox 704 2705 858 2781; x_wconf 67' lang='lat' dir='ltr'><strong>aequitate</strong></span> <span class='ocrx_word' id='word_1_223' title='bbox 874 2723 914 2763; x_wconf 87' lang='lat' dir='ltr'><strong>ac</strong></span> <span class='ocrx_word' id='word_1_224' title='bbox 925 2704 1010 2780; x_wconf 90' lang='lat' dir='ltr'><strong>jure,</strong></span> <span class='ocrx_word' id='word_1_225' title='bbox 1022 2712 1178 2773; x_wconf 81' lang='lat' dir='ltr'><strong>certetur,</strong></span> 
     </span>
     <span class='ocr_line' id='line_1_29' title="bbox 155 2786 1178 2868; baseline -0.002 -20"><span class='ocrx_word' id='word_1_226' title='bbox 155 2791 291 2868; x_wconf 83' lang='lat' dir='ltr'><strong>‘jactare</strong></span> <span class='ocrx_word' id='word_1_227' title='bbox 307 2810 342 2850; x_wconf 88' lang='lat' dir='ltr'><strong>se</strong></span> <span class='ocrx_word' id='word_1_228' title='bbox 358 2792 391 2850; x_wconf 90' lang='lat' dir='ltr'><strong>in</strong></span> <span class='ocrx_word' id='word_1_229' title='bbox 407 2790 516 2849; x_wconf 88' lang='lat' dir='ltr'><strong>causis</strong></span> <span class='ocrx_word' id='word_1_230' title='bbox 529 2787 877 2861; x_wconf 65' lang='lat' dir='ltr'><strong>centumviralibusqin</strong></span> <span class='ocrx_word' id='word_1_231' title='bbox 891 2786 1009 2865; x_wconf 87' lang='lat' dir='ltr'><strong>quibus</strong></span> <span class='ocrx_word' id='word_1_232' title='bbox 1024 2788 1178 2867; x_wconf 85' lang='lat' dir='ltr'><strong>usucapi-</strong></span> 
     </span>
     <span class='ocr_line' id='line_1_30' title="bbox 159 2869 1179 2947; baseline -0.002 -14"><span class='ocrx_word' id='word_1_233' title='bbox 159 2893 268 2944; x_wconf 90' lang='lat' dir='ltr'><strong>onum,</strong></span> <span class='ocrx_word' id='word_1_234' title='bbox 279 2873 468 2941; x_wconf 82' lang='lat' dir='ltr'><strong>tutelarum,</strong></span> <span class='ocrx_word' id='word_1_235' title='bbox 480 2872 713 2947; x_wconf 85' lang='lat' dir='ltr'><strong>gentilitatum,</strong></span> <span class='ocrx_word' id='word_1_236' title='bbox 726 2871 951 2947; x_wconf 84' lang='lat' dir='ltr'><strong>agnationum,</strong></span> <span class='ocrx_word' id='word_1_237' title='bbox 963 2869 1179 2940; x_wconf 84' lang='lat' dir='ltr'><strong>alluvionum,</strong></span> 
     </span>
     <span class='ocr_line' id='line_1_31' title="bbox 160 2953 1179 3033; baseline -0.004 -16"><span class='ocrx_word' id='word_1_238' title='bbox 160 2957 464 3024; x_wconf 88' lang='lat' dir='ltr'><strong>circumluvionum‚</strong></span> <span class='ocrx_word' id='word_1_239' title='bbox 487 2974 652 3026; x_wconf 82' lang='lat' dir='ltr'><strong>nexorum,</strong></span> <span class='ocrx_word' id='word_1_240' title='bbox 668 2955 916 3033; x_wconf 83' lang='lat' dir='ltr'><strong>mancipiorum,</strong></span> <span class='ocrx_word' id='word_1_241' title='bbox 939 2954 1114 3032; x_wconf 85' lang='lat' dir='ltr'><strong>parietum,</strong></span> <span class='ocrx_word' id='word_1_242' title='bbox 1131 2953 1179 3014; x_wconf 93' lang='lat' dir='ltr'><strong>lu·</strong></span> 
     </span>
     <span class='ocr_line' id='line_1_32' title="bbox 158 3037 1179 3116; baseline -0.002 -17"><span class='ocrx_word' id='word_1_243' title='bbox 158 3042 295 3109; x_wconf 87' lang='lat' dir='ltr'><strong>minum,</strong></span> <span class='ocrx_word' id='word_1_244' title='bbox 310 3037 557 3109; x_wconf 78' lang='lat' dir='ltr'><strong>stillicidiorum,</strong></span> <span class='ocrx_word' id='word_1_245' title='bbox 580 3047 852 3099; x_wconf 87' lang='lat' dir='ltr'><strong>testamentorum</strong></span> <span class='ocrx_word' id='word_1_246' title='bbox 867 3046 1035 3116; x_wconf 89' lang='lat' dir='ltr'><strong>ruptorum</strong></span> <span class='ocrx_word' id='word_1_247' title='bbox 1051 3047 1112 3097; x_wconf 86' lang='lat' dir='ltr'><strong>aut</strong></span> <span class='ocrx_word' id='word_1_248' title='bbox 1128 3056 1179 3097; x_wconf 85' lang='lat' dir='ltr'><strong>ra-</strong></span> 
     </span>
     <span class='ocr_line' id='line_1_33' title="bbox 158 3120 1180 3200; baseline -0.004 -15"><span class='ocrx_word' id='word_1_249' title='bbox 158 3133 277 3195; x_wconf 89' lang='lat' dir='ltr'><strong>torum,</strong></span> <span class='ocrx_word' id='word_1_250' title='bbox 292 3131 550 3200; x_wconf 71' lang='lat' dir='ltr'><strong>caeterarumque</strong></span> <span class='ocrx_word' id='word_1_251' title='bbox 575 3142 683 3182; x_wconf 89' lang='lat' dir='ltr'><strong>rerum</strong></span> <span class='ocrx_word' id='word_1_252' title='bbox 707 3120 994 3183; x_wconf 86' lang='lat' dir='ltr'><strong>innumerabilium</strong></span> <span class='ocrx_word' id='word_1_253' title='bbox 1012 3121 1091 3196; x_wconf 88' lang='lat' dir='ltr'><strong>jura</strong></span> <span class='ocrx_word' id='word_1_254' title='bbox 1108 3141 1180 3181; x_wconf 81' lang='lat' dir='ltr'><strong>rer·</strong></span> 
     </span>
     <span class='ocr_line' id='line_1_34' title="bbox 158 3204 1180 3283; baseline -0.002 -16"><span class='ocrx_word' id='word_1_255' title='bbox 158 3207 376 3279; x_wconf 86' lang='lat' dir='ltr'><strong>sentur,ei1m</strong></span> <span class='ocrx_word' id='word_1_256' title='bbox 400 3205 540 3277; x_wconf 76' lang='lat' dir='ltr'><strong>omnino,</strong></span> <span class='ocrx_word' id='word_1_257' title='bbox 561 3206 638 3283; x_wconf 91' lang='lat' dir='ltr'><strong>quid</strong></span> <span class='ocrx_word' id='word_1_258' title='bbox 664 3224 769 3275; x_wconf 82' lang='lat' dir='ltr'><strong>suum,</strong></span> <span class='ocrx_word' id='word_1_259' title='bbox 791 3205 869 3282; x_wconf 91' lang='lat' dir='ltr'><strong>quid</strong></span> <span class='ocrx_word' id='word_1_260' title='bbox 895 3204 1049 3272; x_wconf 90' lang='lat' dir='ltr'><strong>alienum,</strong></span> <span class='ocrx_word' id='word_1_261' title='bbox 1075 3223 1180 3282; x_wconf 89' lang='lat' dir='ltr'><strong>quare</strong></span> 
     </span>
     <span class='ocr_line' id='line_1_35' title="bbox 158 3288 1181 3370; baseline -0.003 -19"><span class='ocrx_word' id='word_1_262' title='bbox 158 3290 299 3370; x_wconf 88' lang='lat' dir='ltr'><strong>denique</strong></span> <span class='ocrx_word' id='word_1_263' title='bbox 316 3292 397 3351; x_wconf 87' lang='lat' dir='ltr'><strong>civis</strong></span> <span class='ocrx_word' id='word_1_264' title='bbox 412 3300 471 3350; x_wconf 88' lang='lat' dir='ltr'><strong>aut</strong></span> <span class='ocrx_word' id='word_1_265' title='bbox 492 3292 693 3370; x_wconf 82' lang='lat' dir='ltr'><strong>peregrinus,</strong></span> <span class='ocrx_word' id='word_1_266' title='bbox 708 3308 822 3367; x_wconf 77' lang='lat' dir='ltr'><strong>servus</strong></span> <span class='ocrx_word' id='word_1_267' title='bbox 838 3297 896 3349; x_wconf 89' lang='lat' dir='ltr'><strong>aut</strong></span> <span class='ocrx_word' id='word_1_268' title='bbox 918 3288 1000 3348; x_wconf 89' lang='lat' dir='ltr'><strong>liber</strong></span> <span class='ocrx_word' id='word_1_269' title='bbox 1014 3288 1181 3367; x_wconf 90' lang='lat' dir='ltr'><strong>quispiam</strong></span> 
     </span>
     <span class='ocr_line' id='line_1_36' title="bbox 158 3370 1180 3469; baseline -0.002 -34"><span class='ocrx_word' id='word_1_270' title='bbox 158 3377 211 3445; x_wconf 87' lang='lat' dir='ltr'><strong>sit,</strong></span> <span class='ocrx_word' id='word_1_271' title='bbox 226 3376 363 3452; x_wconf 81' lang='lat' dir='ltr'><strong>ignoret,</strong></span> <span class='ocrx_word' id='word_1_272' title='bbox 378 3374 516 3451; x_wconf 87' lang='lat' dir='ltr'><strong>insignis</strong></span> <span class='ocrx_word' id='word_1_273' title='bbox 531 3385 581 3435; x_wconf 87' lang='lat' dir='ltr'><strong>est</strong></span> <span class='ocrx_word' id='word_1_274' title='bbox 596 3373 816 3453; x_wconf 84' lang='lat' dir='ltr'><strong>impudentiae.</strong></span> <span class='ocrx_word' id='word_1_275' title='bbox 828 3372 921 3469; x_wconf 46' lang='lat' dir='ltr'><strong>nlla</strong></span> <span class='ocrx_word' id='word_1_276' title='bbox 936 3370 1014 3432; x_wconf 81' lang='lat' dir='ltr'><strong>verb</strong></span> <span class='ocrx_word' id='word_1_277' title='bbox 1029 3370 1180 3433; x_wconf 87' lang='lat' dir='ltr'><strong>deriden-</strong></span> 
     </span>
     <span class='ocr_line' id='line_1_37' title="bbox 157 3454 1217 3535; baseline -0.002 -17"><span class='ocrx_word' id='word_1_278' title='bbox 157 3458 203 3519; x_wconf 88' lang='lat' dir='ltr'><strong>da</strong></span> <span class='ocrx_word' id='word_1_279' title='bbox 225 3460 415 3535; x_wconf 81' lang='lat' dir='ltr'><strong>arrogantia</strong></span> <span class='ocrx_word' id='word_1_280' title='bbox 430 3468 488 3527; x_wconf 88' lang='lat' dir='ltr'><strong>est,</strong></span> <span class='ocrx_word' id='word_1_281' title='bbox 503 3459 537 3518; x_wconf 90' lang='lat' dir='ltr'><strong>in</strong></span> <span class='ocrx_word' id='word_1_282' title='bbox 560 3457 739 3518; x_wconf 87' lang='lat' dir='ltr'><strong>minoribus</strong></span> <span class='ocrx_word' id='word_1_283' title='bbox 760 3458 902 3533; x_wconf 86' lang='lat' dir='ltr'><strong>navigris</strong></span> <span class='ocrx_word' id='word_1_284' title='bbox 925 3454 1038 3517; x_wconf 91' lang='lat' dir='ltr'><strong>rudem</strong></span> <span class='ocrx_word' id='word_1_285' title='bbox 1049 3474 1128 3529; x_wconf 80' lang='lat' dir='ltr'><strong>‚esse</strong></span> <span class='ocrx_word' id='word_1_286' title='bbox 1145 3476 1179 3516; x_wconf 90' lang='lat' dir='ltr'><strong>se</strong></span> <span class='ocrx_word' id='word_1_287' title='bbox 1216 3496 1217 3499; x_wconf 56' lang='lat'><em>=</em></span> 
     </span>
     <span class='ocr_line' id='line_1_38' title="bbox 159 3537 1180 3618; baseline 0 -17"><span class='ocrx_word' id='word_1_288' title='bbox 159 3541 328 3610; x_wconf 88' lang='lat' dir='ltr'><strong>confiteri;</strong></span> <span class='ocrx_word' id='word_1_289' title='bbox 350 3542 610 3618; x_wconf 74' lang='lat' dir='ltr'><strong>quinqueremes</strong></span> <span class='ocrx_word' id='word_1_290' title='bbox 626 3550 684 3601; x_wconf 87' lang='lat' dir='ltr'><strong>aut</strong></span> <span class='ocrx_word' id='word_1_291' title='bbox 707 3542 808 3601; x_wconf 89' lang='lat' dir='ltr'><strong>etiam</strong></span> <span class='ocrx_word' id='word_1_292' title='bbox 827 3542 976 3618; x_wconf 86' lang='lat' dir='ltr'><strong>majores,</strong></span> <span class='ocrx_word' id='word_1_293' title='bbox 992 3537 1180 3615; x_wconf 87' lang='lat' dir='ltr'><strong>gubernare</strong></span> 
     </span>
     <span class='ocr_line' id='line_1_39' title="bbox 158 3621 1179 3704; baseline 0 -19"><span class='ocrx_word' id='word_1_294' title='bbox 158 3624 319 3685; x_wconf 88' lang='lat' dir='ltr'><strong>didicisse.</strong></span> <span class='ocrx_word' id='word_1_295' title='bbox 364 3624 416 3684; x_wconf 88' lang='lat' dir='ltr'><strong>Tu</strong></span> <span class='ocrx_word' id='word_1_296' title='bbox 431 3623 514 3695; x_wconf 74' lang='lat' dir='ltr'><strong>mibi</strong></span> <span class='ocrx_word' id='word_1_297' title='bbox 527 3626 601 3685; x_wconf 81' lang='lat' dir='ltr'><strong>eirm</strong></span> <span class='ocrx_word' id='word_1_298' title='bbox 624 3626 657 3684; x_wconf 90' lang='lat' dir='ltr'><strong>in</strong></span> <span class='ocrx_word' id='word_1_299' title='bbox 673 3624 796 3685; x_wconf 90' lang='lat' dir='ltr'><strong>circulo</strong></span> <span class='ocrx_word' id='word_1_300' title='bbox 810 3625 976 3704; x_wconf 88' lang='lat' dir='ltr'><strong>decipiare</strong></span> <span class='ocrx_word' id='word_1_301' title='bbox 995 3621 1179 3685; x_wconf 87' lang='lat' dir='ltr'><strong>adversarii</strong></span> 
     </span>
     <span class='ocr_line' id='line_1_40' title="bbox 159 3707 1181 3786; baseline 0.001 -18"><span class='ocrx_word' id='word_1_302' title='bbox 159 3707 438 3786; x_wconf 73' lang='lat' dir='ltr'><strong>stipulatiuncula,</strong></span> <span class='ocrx_word' id='word_1_303' title='bbox 461 3716 494 3767; x_wconf 92' lang='lat' dir='ltr'><strong>et</strong></span> <span class='ocrx_word' id='word_1_304' title='bbox 520 3709 595 3767; x_wconf 80' lang='lat' dir='ltr'><strong>clim</strong></span> <span class='ocrx_word' id='word_1_305' title='bbox 618 3708 771 3785; x_wconf 85' lang='lat' dir='ltr'><strong>obsignes</strong></span> <span class='ocrx_word' id='word_1_306' title='bbox 796 3708 938 3769; x_wconf 83' lang='lat' dir='ltr'><strong>tabellas</strong></span> <span class='ocrx_word' id='word_1_307' title='bbox 963 3707 1096 3768; x_wconf 89' lang='lat' dir='ltr'><strong>clientis</strong></span> <span class='ocrx_word' id='word_1_308' title='bbox 1122 3708 1181 3780; x_wconf 90' lang='lat' dir='ltr'><strong>tui,</strong></span> 
     </span>
     <span class='ocr_line' id='line_1_41' title="bbox 159 3790 1217 3879; baseline 0.003 -28"><span class='ocrx_word' id='word_1_309' title='bbox 159 3790 279 3868; x_wconf 89' lang='lat' dir='ltr'><strong>quibus</strong></span> <span class='ocrx_word' id='word_1_310' title='bbox 293 3791 328 3851; x_wconf 91' lang='lat' dir='ltr'><strong>in</strong></span> <span class='ocrx_word' id='word_1_311' title='bbox 341 3790 473 3853; x_wconf 87' lang='lat' dir='ltr'><strong>tabellis</strong></span> <span class='ocrx_word' id='word_1_312' title='bbox 488 3790 520 3852; x_wconf 94' lang='lat' dir='ltr'><strong>id</strong></span> <span class='ocrx_word' id='word_1_313' title='bbox 535 3792 577 3851; x_wconf 89' lang='lat' dir='ltr'><strong>sit</strong></span> <span class='ocrx_word' id='word_1_314' title='bbox 592 3793 835 3871; x_wconf 75' lang='lat' dir='ltr'><strong>scriptumque</strong></span> <span class='ocrx_word' id='word_1_315' title='bbox 850 3793 905 3853; x_wconf 90' lang='lat' dir='ltr'><strong>ille</strong></span> <span class='ocrx_word' id='word_1_316' title='bbox 922 3793 1095 3871; x_wconf 81' lang='lat' dir='ltr'><strong>capiatur3</strong></span> <span class='ocrx_word' id='word_1_317' title='bbox 1119 3812 1181 3870; x_wconf 85' lang='lat' dir='ltr'><strong>ego</strong></span> <span class='ocrx_word' id='word_1_318' title='bbox 1215 3794 1217 3879; x_wconf 75' lang='lat' dir='ltr'><strong>l</strong></span> 
     </span>
    </p>
   </div>
   <div class='ocr_carea' id='block_1_3' title="bbox 0 0 1232 4290">
    <p class='ocr_par' dir='ltr' id='par_1_6' title="bbox 0 0 1232 4290">
     <span class='ocr_line' id='line_1_42' title="bbox 0 0 1232 4290; baseline 0 0"><span class='ocrx_word' id='word_1_319' title='bbox 0 0 1232 4290; x_wconf 95' lang='lat' dir='ltr'><strong> </strong></span> 
     </span>
    </p>
   </div>
  </div>
 </body>
</html>
