2434 4286
340 385 381 427 os
395 384 537 428 carrona
550 384 639 427 nrum
654 385 816 428 succubus.
1034 371 1094 431 105

62 530 106 594 ad
121 530 355 603 refellendum,
371 541 430 595 aut
445 553 487 595 ex
501 532 560 595 sud
574 534 660 595 sumi
674 534 709 595 vi
724 541 823 614 atque
839 533 959 597 nature
971 543 1030 598 aut
1040 555 1092 598 as-

62 620 149 678 sumi
166 615 274 678 sorisl
319 616 372 679 Ex
386 617 447 678 suti
461 618 505 690 vi,
520 620 595 680 cum
617 626 685 689 aut,
700 637 752 680 res
767 637 841 698 quae
855 620 898 680 sit
912 628 992 693 tota,
1006 640 1092 700 qua-

61 710 167 773 ratur,
185 710 248 763 aut
261 720 340 783 pars
355 703 436 781 ejus,
460 712 519 764 aut
542 702 742 765 vocabulum
766 702 854 781 quod
878 702 1010 776 habeat,
1032 715 1092 769 aut

61 786 250 867 quidpiam,
261 807 331 848 rcm
346 786 438 848 illam
461 786 547 865 quod
570 789 732 865 attingat:
755 789 1092 864 extrinseobsautem,

62 873 139 932 crim
155 891 210 942 ea,
227 879 393 949 quaesunt
416 870 502 941 foris,
524 891 630 950 neque
653 869 813 934 inhaerent
836 874 871 934 in
894 875 943 935 rei
965 875 1092 947 natura

62 956 280 1033 colliguntur.
325 955 362 1018 Si
385 975 437 1017 res
461 965 531 1017 tota
553 958 718 1035 quaritur,
733 956 920 1020 definitione
936 959 1092 1021 universa

62 1041 113 1100 vis
138 1040 345 1121 explicanda
368 1048 427 1111 cst,
450 1043 517 1102 sic:
540 1040 577 1103 Si
592 1043 750 1120 majestas
772 1051 822 1104 est
845 1042 1028 1123 amplitudo
1050 1064 1090 1106 ac

61 1123 214 1202 dignitas
231 1124 385 1196 civitatis
396 1126 425 1186 is
439 1145 516 1187 eam
537 1127 665 1198 minuit,
679 1127 736 1205 qui
747 1129 930 1189 exercitum
944 1126 1091 1189 hostibus

3 1254 4 1261 κ
61 1209 180 1290 populi
207 1208 351 1271 Romani
373 1209 515 1281 tradidit,
541 1230 606 1271 non
632 1212 687 1290 qui
709 1230 795 1283 eum,
816 1211 927 1290 quiid
949 1211 1091 1285 fecisset,

61 1294 179 1375 populi
196 1292 340 1355 Romani
355 1297 510 1374 potestati
522 1294 666 1357 tradidit.
711 1295 771 1357 Sin
786 1315 882 1375 pars3
904 1298 1091 1376 partitione,

3 1370 4 1379 ¹
61 1375 123 1440 hoc
139 1378 262 1449 modo;
285 1378 353 1440 Aut
368 1381 499 1440 senatui
513 1380 697 1460 parendum
708 1380 748 1441 de
764 1380 871 1441 salute
887 1381 935 1441 rei
949 1379 1090 1460 publicae

62 1461 134 1533 fuit,
160 1473 224 1524 aut
248 1461 340 1523 aliud
364 1464 537 1525 consilium
558 1464 805 1534 instituendum,
819 1472 879 1525 aut
893 1464 952 1525 sui
975 1474 1089 1545 sponte

62 1545 281 1619 faciendum
315 1548 405 1609 aliud
434 1549 617 1620 consilium,
647 1549 847 1629 superbum
877 1568 973 1610 suum
1003 1568 1090 1612 arro·

62 1651 170 1710 gans:
195 1631 357 1693 utendum
368 1633 469 1711 igitur
484 1632 546 1693 fuit
568 1634 703 1695 consilio
727 1636 869 1695 senatis
914 1632 950 1696 si
972 1653 1013 1695 ex
1035 1653 1090 1696 vo·

62 1716 198 1784 cabulo,
225 1725 262 1777 ut
286 1715 413 1778 Carbo:
435 1715 472 1778 Si
495 1717 607 1778 consul
635 1725 693 1789 est,
716 1721 773 1799 qui
796 1718 937 1781 consulit
962 1720 1090 1798 patria,

61 1800 141 1880 quid
151 1800 249 1862 aliud
258 1800 337 1862 fecit
351 1799 525 1882 Opimiusl
556 1801 614 1863 Sin
629 1802 673 1863 ab
689 1822 738 1873 eo,
752 1803 838 1882 quod
853 1823 923 1865 rem
938 1804 1090 1881 attingat,

61 1885 178 1965 plures
192 1895 272 1946 sunt
294 1897 563 1963 argumentorum
579 1886 673 1948 sedes
689 1907 729 1948 ac
753 1888 837 1949 loci:
860 1906 938 1948 nam
959 1896 992 1949 et
1015 1906 1089 1949 con-

3 1992 6 2011 >
61 1971 187 2048 juncta
202 1989 396 2049 quaeremuS,
418 1979 451 2033 et
472 1990 606 2049 genera,
628 1980 661 2032 et
683 1981 795 2051 partes
816 1971 993 2050 generibus
1015 1971 1089 2034 sub·

62 2056 188 2133 jactas,
204 2063 239 2117 et
254 2055 493 2127 similitudines
509 2064 542 2117 et
556 2055 846 2127 dissimilitudines
862 2065 895 2118 et
913 2058 1089 2131 contraria,

62 2149 94 2202 et
110 2141 362 2218 consequentia,
378 2151 411 2201 et
426 2148 658 2213 consentanea,
674 2150 707 2202 et
727 2143 821 2221 quasi
844 2143 1089 2223 praecurrentia,

62 2234 94 2286 et
110 2226 348 2305 repugnantia,
372 2233 406 2285 et
430 2244 549 2286 causas
573 2244 683 2286 rerum
706 2226 954 2306 vestigabimus,
980 2237 1013 2289 et
1037 2247 1089 2300 ea,

61 2329 136 2387 quae
153 2327 197 2370 ex
213 2309 324 2370 causis
339 2318 412 2370 orta
426 2319 520 2381 sunt;
543 2319 577 2371 et
587 2311 724 2388 majora,
735 2315 842 2394 paria,
854 2313 991 2385 minora,
1002 2331 1088 2391 quae·

61 2411 183 2455 remus

101 2477 177 2540 XL.
203 2473 256 2538 Ex
272 2477 455 2555 conjunctis
466 2479 513 2540 sic
526 2487 724 2556 argumenta
734 2477 914 2542 ducuntur:
938 2479 973 2541 Si
986 2481 1088 2559 pieta·

60 2563 85 2623 ti
101 2580 239 2623 summa
260 2561 436 2624 tribuenda
462 2563 535 2623 laus
561 2573 620 2635 est,
645 2562 772 2624 debetis
793 2564 1024 2634 moveri,ci1m
1045 2563 1087 2640 Q.

61 2645 243 2708 Metellum
257 2654 327 2708 tam
342 2647 397 2726 pie
410 2647 523 2725 lugere
545 2647 695 2709 videatis.
740 2646 792 2709 Ex
814 2665 934 2725 genere
958 2655 1088 2709 autem:

4 2722 8 2733 ¹
61 2729 97 2792 Si
112 2733 333 2809 magistratus
348 2732 383 2792 in
397 2732 510 2812 populi
525 2730 665 2793 Romani
679 2739 842 2811 potestate
866 2749 936 2793 esse
959 2730 1088 2804 debent,

61 2817 140 2894 quid
156 2814 354 2876 Norbanum
370 2835 518 2888 accusas,
530 2818 625 2894 cujus
639 2817 826 2878 tribunatus
846 2816 1009 2879 voluntati
1030 2838 1088 2898 pa·

61 2902 128 2962 ruit
145 2896 320 2962 civitatis?
365 2899 417 2961 Ex
441 2910 534 2980 parte
561 2910 675 2961 autem
698 2900 747 2973 ed,
770 2920 843 2980 quae
865 2910 915 2962 est
938 2901 1089 2980 subjecta

62 2985 202 3064 generi:
225 2985 261 3046 Si
276 3003 399 3056 omnes,
414 2986 470 3064 qui
485 2986 532 3046 rei
548 2985 689 3065 publicae
711 2986 895 3057 consulunt,
910 2987 979 3048 cari
994 2986 1088 3048 nobis

62 3090 136 3132 esse
153 3068 286 3140 debent,
302 3070 391 3131 certe
407 3071 441 3131 in
456 3071 570 3150 primis
593 3071 817 3151 imperatores,
832 3090 970 3150 quorum
985 3072 1087 3132 consi-

62 3153 125 3228 lits,
142 3155 277 3226 virtute,
292 3154 457 3234 periculis
472 3155 651 3215 retinemus
666 3165 699 3216 et
719 3166 865 3217 nostram
881 3155 1032 3226 salutem,
1054 3164 1088 3215 et

62 3239 196 3320 imperii
221 3238 428 3316 dignitatem.
473 3236 525 3301 Ex
549 3240 760 3300 similitudine
787 3247 919 3319 autem:
951 3236 988 3299 st
1009 3238 1088 3299 ferae

62 3334 183 3404 partus
194 3342 270 3384 suos
286 3322 435 3401 diligunt,
451 3323 514 3402 qud
528 3342 587 3384 nos
602 3326 635 3384 in
648 3323 767 3384 liberos
779 3331 906 3383 nostros
917 3321 1087 3399 indulgen-

63 3408 109 3470 tit
124 3427 199 3470 esse
215 3402 398 3468 debemusl
444 3407 487 3468 At
512 3428 552 3468 ex
574 3406 858 3468 dissimilitudine:
882 3405 918 3468 Si
933 3404 1087 3469 barbaro-

63 3510 138 3554 rum
165 3501 216 3555 est
241 3493 275 3553 in
296 3491 383 3553 diem
409 3495 531 3563 vivere,
554 3501 667 3554 nostra
691 3492 828 3554 consilia
853 3491 1088 3571 sempiternum
1142 3570 1145 3575 Ι

5 3630 6 3645 ,
63 3588 197 3658 tempus
213 3585 364 3656 spectare
380 3575 509 3638 debent.
555 3576 663 3656 Atque
689 3588 826 3656 utroque
850 3578 885 3638 in
908 3596 1029 3655 genere
1053 3588 1087 3640 et

5 3714 6 3721 ,
63 3660 298 3731 similitudinis,
307 3671 341 3722 et
352 3659 631 3731 dissimilitudinis
641 3662 792 3742 exempla
808 3670 883 3723 sunt
895 3682 935 3723 ex
947 3661 1088 3724 aliorum

64 3747 172 3818 factis
189 3754 248 3807 aut
262 3745 367 3817 dictis
383 3754 441 3807 aut
456 3746 594 3815 eventis
616 3754 650 3807 et
672 3746 758 3808 fictae
774 3748 979 3808 narrationes
1001 3746 1087 3823 saepe

65 3829 256 3913 ponendae.'
292 3827 369 3890 Jam
395 3849 436 3889 ex
465 3829 651 3889 contrario:
687 3828 724 3890 Si
752 3828 923 3890 Gracchus
951 3825 1086 3895 nefarie,
