2434 4286
155 353 216 416 122
416 370 454 413 ua
475 364 616 413 onnromr
637 372 724 412 unum
747 361 906 412 secururs.

153 527 187 582 in
202 530 273 595 tam
288 529 444 585 accurato
458 539 614 590 sermone,
626 519 877 662 praqeritapesse
889 518 1049 579 videatur,
1095 516 1171 597 Ego
1208 548 1209 551 ¹

153 604 242 676 verd,
265 605 368 683 inquit
391 604 456 687 ille,
493 606 625 664 uoniam
640 587 1020 672 &colectamdeonviva
1041 601 1171 674 Crasso,
1208 618 1209 671 j

154 691 267 766 exigis
292 709 355 750 nou
379 624 591 758 cciiiini'iilam,
607 697 653 758 ut,
677 689 704 746 si
730 685 921 764 defugerim,
944 686 1005 746 tibi
1031 706 1172 749 causam

154 775 302 851 aliquam
326 772 400 832 dem
423 772 613 833 recusandi:
636 789 824 850 quanquam
848 771 935 830 soleo
951 770 1036 849 sape
1058 771 1172 832 mirari

155 877 268 918 eorum
286 857 533 936 impudentiam,
548 857 604 934 qui
626 864 728 931 agunt
749 857 783 914 iu
806 855 903 913 scena
926 865 1063 931 gestum,
1078 873 1172 933 spec-

154 950 246 1002 tante
269 940 405 1002 Roscio:
428 943 500 1018 quis
514 942 601 1000 enirn
623 958 694 999 sese
717 957 921 998 commovere
945 946 1061 1017 potest,
1076 941 1173 1015 cujus

48 1063 89 1099 ὼ.
155 1026 209 1086 ille
233 1026 316 1085 vitia
338 1022 550 1085 nonvideatl
596 1022 650 1083 Sic
667 1042 728 1099 ego
751 1042 848 1091 nunc,
863 1020 982 1082 Crasso
1006 1022 1172 1094 audiente,

8 1098 109 1184 ,fui
142 1098 296 1190 'primum
322 1109 436 1186 loquar
461 1108 500 1169 de
527 1107 665 1173 facetiis,
688 1116 721 1166 et
745 1105 877 1175 docebo,
901 1125 964 1173 sus,
989 1107 1037 1184 (ut
1062 1107 1169 1185 aiunt)
1208 1102 1209 1169 l

156 1204 317 1253 oratorem
340 1212 424 1262 euru,
440 1212 536 1270 quem
553 1194 627 1251 clim
650 1189 787 1250 Catulus
811 1208 914 1268 nuper
938 1189 1090 1258 audisset,
1106 1188 1172 1271 jie-
1208 1194 1209 1259 l

10 1276 35 1289 ''
54 1286 230 1339 »saltuum
244 1275 322 1335 (elios
337 1277 447 1336 aiebat
463 1296 525 1335 esse
541 1284 687 1356 oportere.
732 1273 818 1334 Tum
834 1275 898 1342 ille,
913 1271 931 1332 J
935 1272 1104 1345 ocabatur,
1123 1276 1172 1333 in·

65 1400 75 1433 ¹.
138 1434 140 1441 Ι
155 1362 224 1440 quit
240 1359 385 1431 Catulus,
400 1361 579 1440 prasertim
595 1359 670 1419 cirm
688 1360 736 1417 ita
750 1357 838 1418 dicat
861 1359 939 1436 ipse,
954 1368 991 1417 ut
1007 1355 1174 1417 ambrosii

155 1445 292 1505 alendus
314 1464 384 1504 esse
409 1443 576 1504 videatur:
600 1444 713 1502 verum
735 1450 776 1510 te,
792 1440 911 1511 Caesar,
926 1440 1110 1513 audiamus,
1134 1455 1173 1503 ut

155 1529 198 1588 ad
214 1529 347 1589 Antonii
371 1529 496 1606 reliqua
519 1528 700 1588 redeamus.
746 1524 789 1585 Et
806 1526 976 1594 Antonino,
995 1523 1173 1604 Perpauoa

155 1612 285 1689 quidem
308 1611 385 1673 mihi
409 1621 543 1681 restant,
566 1612 687 1689 inquit:
714 1608 771 1669 sed
793 1618 915 1677 tamen,
930 1607 1076 1668 delessus
1096 1611 1172 1685 jam

155 1695 266 1757 labore
282 1706 381 1774 atque
404 1697 519 1756 itinere
535 1695 772 1775 disputationis,
787 1695 990 1772 requiescam
1012 1693 1046 1752 in
1061 1691 1171 1755 Caesa·

152 1781 199 1840 ris
213 1799 372 1852 sermone,
387 1781 481 1858 quasi
496 1781 528 1841 in
545 1779 655 1857 aliquo
671 1788 909 1858 peropportuno
924 1776 1111 1838 diversorio.

196 1863 308 1927 LVIII.
333 1866 441 1942 Atqui,
456 1865 561 1943 inquit
583 1863 699 1931 Julius,
713 1881 777 1921 non
792 1863 889 1923 nimis
911 1860 1046 1922 liberale
1062 1859 1171 1942 hospi·

152 1948 236 2008 tium
258 1968 367 2010 meum
383 1949 492 2010 dices:
515 1967 592 2007 nam
606 1957 639 2007 te
662 1948 695 2006 in
711 1947 810 2017 viam,
825 1946 921 2007 simul
937 1965 977 2005 ac
992 1947 1171 2026 perpaulu-

153 2031 222 2092 lum
237 2034 385 2109 gustans,
401 2033 573 2093 extrudam
588 2040 621 2091 et
636 2032 788 2109 ejiciam

196 2116 254 2187 Ac,
269 2137 310 2177 ne
326 2117 446 2176 diutius
461 2136 519 2176 vos
534 2116 690 2186 demorer,
705 2114 744 2174 de
761 2116 848 2175 omni
871 2116 931 2175 isto
954 2133 1074 2191 genero
1090 2114 1171 2194 quid
1208 2178 1209 2195 ,

152 2201 302 2271 sentiam,
319 2200 520 2280 perbreviter
535 2219 706 2279 exponam.
751 2196 801 2260 De
826 2199 893 2259 risu
916 2202 1058 2276 quinque
1083 2208 1170 2272 sunt,
1208 2198 1209 2205 '

152 2303 224 2363 quae
235 2294 442 2363 quaerantur3
465 2303 575 2354 unum,
587 2283 660 2361 quid
678 2282 737 2342 sit:
761 2283 909 2353 alterum,
921 2282 1005 2343 unde
1021 2283 1082 2342 sit:
1105 2292 1170 2344 ter·

150 2369 243 2438 tium,
259 2369 506 2440 sitne-oratoris
521 2368 605 2428 velle
621 2368 722 2428 risum
738 2376 888 2428 movere:
911 2375 1076 2447 quartum,
1091 2368 1169 2446 qua.
1208 2352 1209 2405 l

151 2460 265 2512 tenus:
290 2453 448 2530 quintum,
463 2471 534 2531 quae
550 2454 614 2511 sint
636 2470 760 2529 genera
774 2451 910 2512 ridiculi.
956 2451 1063 2528 Atque
1087 2452 1169 2514 illud
1208 2460 1209 2533 l

150 2536 302 2616 primum,
314 2535 389 2615 quid
405 2536 446 2596 sit
462 2538 530 2617 ipse
546 2538 638 2607 risus
650 2555 714 2614 quo
729 2545 827 2614 pacto
843 2536 1031 2605 concitetur,
1044 2534 1101 2596 ubi
1117 2538 1169 2606 sit,

150 2621 309 2698 quomodo
332 2621 477 2690 exsistat,
500 2629 597 2698 atque
624 2621 671 2680 ita
695 2619 827 2699 repente
848 2629 1007 2699 erumpat,
1030 2627 1067 2678 ut
1090 2640 1169 2682 eum
1208 2664 1209 2669 κ

56 2758 63 2769 ,
151 2706 322 2785 cupientes
342 2713 452 2765 tenere
476 2722 684 2782 nequeamus
700 2713 732 2763 et
755 2702 914 2782 quomodo
930 2703 1026 2763 simul
1049 2702 1168 2778 latera,
1208 2770 1209 2777 ,

150 2801 195 2858 οε,
211 2808 322 2860 venas
344 2789 481 2858 vultum,
491 2788 606 2867 oculos
629 2797 777 2866 occupet,
799 2787 918 2848 viderit
940 2785 1167 2850 Democritus:
1208 2788 1209 2855 Ϊ

150 2890 254 2950 neque
271 2875 358 2932 enim
375 2872 417 2932 ad
433 2871 518 2932 huno
534 2890 716 2931 sermonem
737 2870 797 2931 hoc
813 2873 971 2951 pertinet3
994 2879 1036 2941 et,
1052 2873 1080 2932 si
1095 2892 1167 2952 per-

149 2957 277 3045 tiperet,
292 2958 417 3016 nescire
432 2975 484 3016 me
509 2965 617 3016 tamen
634 2955 666 3016 id
689 2975 753 3016 noo
776 2955 921 3035 puderet,
937 2953 1021 3034 quod
1037 2975 1079 3017 ne
1103 2958 1167 3037 ipsi
1206 2970 1209 3031 l

150 3038 281 3119 quidem
296 3039 343 3100 illi
366 3041 495 3110 scirent,
510 3041 564 3118 qui
586 3040 826 3120 pollicerentur.
872 3038 978 3101 Locus
994 3049 1118 3112 nutem,
1134 3052 1168 3103 ot
1208 3040 1209 3109 J

149 3124 242 3200 regio
256 3125 359 3202 quasi,
374 3123 503 3184 ridiculi
520 3124 610 3201 (nam
625 3122 658 3184 id
680 3125 826 3203 proxime
842 3122 1009 3204 quaeritur)
1026 3126 1166 3205 turpitu-
1208 3128 1209 3215 ,

149 3206 224 3269 dine
236 3217 270 3268 et
284 3206 490 3268 deformitate
502 3207 643 3286 quddam
655 3210 855 3269 continetur:
879 3208 948 3268 haec
960 3208 1048 3268 enim
1060 3209 1167 3272 riden-

148 3301 203 3352 tur
219 3292 270 3352 vel
286 3292 364 3362 sola,
378 3292 430 3352 vel
446 3292 596 3361 maxime,
608 3311 680 3370 quae
696 3301 810 3352 notant
826 3301 859 3353 et
874 3292 1047 3369 designant
1063 3296 1166 3376 turpi·

104 3446 108 3455 .
148 3375 295 3436 tudinem
311 3376 457 3454 aliquam
472 3395 536 3436 non
558 3377 704 3454 turpiter.
723 3449 725 3453 .
748 3375 809 3437 Est
823 3386 944 3446 autem,
960 3385 995 3436 ut
1017 3375 1061 3436 ad
1083 3378 1167 3440 illud

96 3474 102 3483 ‘
148 3459 282 3520 tertium
303 3461 446 3530 veniam,
461 3469 511 3521 est
534 3460 633 3540 plane
655 3462 793 3521 oratoris
808 3478 939 3520 movere
962 3462 1084 3535 risum3
1111 3464 1166 3525 vel
1208 3498 1209 3549 q

148 3542 234 3621 quod
248 3544 323 3622 ipsa
335 3542 487 3604 hilaritas
496 3543 762 3605 benevolentiam
774 3544 927 3606 conciliat
943 3545 984 3616 ei,
995 3563 1055 3624 per
1065 3565 1167 3625 quem
1208 3552 1209 3613 l

148 3628 295 3687 excitata
310 3636 378 3698 est3
401 3628 455 3688 vel
470 3627 555 3705 quod
577 3629 781 3690 admirantur
795 3647 908 3689 omnes
931 3647 1082 3703 acumen,
1098 3650 1167 3694 uno
1208 3678 1209 3707 2

147 3710 235 3789 saepe
257 3711 291 3770 in
306 3710 407 3771 uerbo
428 3713 579 3790 positum,
594 3714 736 3774 maxime
758 3712 991 3793 respondentis,
1013 3732 1166 3797 nonuun-
1208 3714 1209 3809 l

147 3808 247 3871 quum
262 3794 364 3872 etiam
378 3793 587 3867 lacessentis3
609 3797 663 3858 rel
678 3797 762 3874 quud
780 3796 903 3875 frangit
925 3797 1166 3873 circumiere,
1208 3828 1209 3883 3
