<?xml version="1.0" encoding="UTF-8"?>
<!DOCTYPE html PUBLIC "-//W3C//DTD XHTML 1.0 Transitional//EN"
    "http://www.w3.org/TR/xhtml1/DTD/xhtml1-transitional.dtd">
<html xmlns="http://www.w3.org/1999/xhtml" xml:lang="en" lang="en">
 <head>
  <title>
</title>
<meta http-equiv="Content-Type" content="text/html;charset=utf-8" />
  <meta name='ocr-system' content='tesseract 3.04.00' />
  <meta name='ocr-capabilities' content='ocr_page ocr_carea ocr_par ocr_line ocrx_word'/>
</head>
<body>
  <div class='ocr_page' id='page_1' title='image "./mtulliiciceroni00kinggoog_0177.png"; bbox 0 0 2444 4276; ppageno 0'>
   <div class='ocr_carea' id='block_1_1' title="bbox 220 350 1078 435">
    <p class='ocr_par' dir='ltr' id='par_1_1' title="bbox 220 350 1078 435">
     <span class='ocr_line' id='line_1_1' title="bbox 220 350 1078 435; baseline 0.003 -12"><span class='ocrx_word' id='word_1_1' title='bbox 220 350 225 363; x_wconf 64' lang='lat'><strong>¹</strong></span> <span class='ocrx_word' id='word_1_2' title='bbox 336 382 374 424; x_wconf 81' lang='lat' dir='ltr'>na</span> <span class='ocrx_word' id='word_1_3' title='bbox 394 381 536 422; x_wconf 76' lang='lat' dir='ltr'>oanrosn</span> <span class='ocrx_word' id='word_1_4' title='bbox 558 383 646 435; x_wconf 70' lang='lat' dir='ltr'>impr</span> <span class='ocrx_word' id='word_1_5' title='bbox 667 382 803 424; x_wconf 74' lang='lat' dir='ltr'>rannus.</span> <span class='ocrx_word' id='word_1_6' title='bbox 1017 367 1078 426; x_wconf 81' lang='lat' dir='ltr'>loa</span> 
     </span>
    </p>
   </div>
   <div class='ocr_carea' id='block_1_2' title="bbox 52 498 1076 612">
    <p class='ocr_par' dir='ltr' id='par_1_2' title="bbox 52 498 1076 612">
     <span class='ocr_line' id='line_1_2' title="bbox 52 498 1076 612; baseline 0.002 -19"><span class='ocrx_word' id='word_1_7' title='bbox 52 529 194 602; x_wconf 80' lang='lat' dir='ltr'>exclusi,</span> <span class='ocrx_word' id='word_1_8' title='bbox 208 498 270 607; x_wconf 74' lang='lat' dir='ltr'>¹aut</span> <span class='ocrx_word' id='word_1_9' title='bbox 285 529 454 591; x_wconf 85' lang='lat' dir='ltr'>voluntate</span> <span class='ocrx_word' id='word_1_10' title='bbox 469 528 528 590; x_wconf 75' lang='lat' dir='ltr'>sui</span> <span class='ocrx_word' id='word_1_11' title='bbox 542 500 660 601; x_wconf 70' lang='lat' dir='ltr'>teitan,</span> <span class='ocrx_word' id='word_1_12' title='bbox 675 537 759 591; x_wconf 92' lang='lat' dir='ltr'>totos</span> <span class='ocrx_word' id='word_1_13' title='bbox 775 550 809 591; x_wconf 88' lang='lat' dir='ltr'>se</span> <span class='ocrx_word' id='word_1_14' title='bbox 826 531 884 592; x_wconf 86' lang='lat' dir='ltr'>alii</span> <span class='ocrx_word' id='word_1_15' title='bbox 896 532 938 593; x_wconf 91' lang='lat' dir='ltr'>ad</span> <span class='ocrx_word' id='word_1_16' title='bbox 952 538 1076 612; x_wconf 73' lang='lat' dir='ltr'>poetas,</span> 
     </span>
    </p>
   </div>
   <div class='ocr_carea' id='block_1_3' title="bbox 52 610 1077 2122">
    <p class='ocr_par' dir='ltr' id='par_1_3' title="bbox 52 610 1077 2122">
     <span class='ocr_line' id='line_1_3' title="bbox 52 610 1075 703; baseline 0.004 -27"><span class='ocrx_word' id='word_1_17' title='bbox 52 615 115 676; x_wconf 80' lang='lat' dir='ltr'>alii</span> <span class='ocrx_word' id='word_1_18' title='bbox 129 614 175 676; x_wconf 88' lang='lat' dir='ltr'>ad</span> <span class='ocrx_word' id='word_1_19' title='bbox 198 610 394 703; x_wconf 64' lang='lat' dir='ltr'>ghorpetras</span> <span class='ocrx_word' id='word_1_20' title='bbox 409 614 466 674; x_wconf 86' lang='lat' dir='ltr'>alii</span> <span class='ocrx_word' id='word_1_21' title='bbox 482 613 524 675; x_wconf 91' lang='lat' dir='ltr'>ad</span> <span class='ocrx_word' id='word_1_22' title='bbox 539 616 680 675; x_wconf 88' lang='lat' dir='ltr'>musicos</span> <span class='ocrx_word' id='word_1_23' title='bbox 695 614 922 688; x_wconf 88' lang='lat' dir='ltr'>contulerunt;</span> <span class='ocrx_word' id='word_1_24' title='bbox 945 618 1002 678; x_wconf 88' lang='lat' dir='ltr'>alii</span> <span class='ocrx_word' id='word_1_25' title='bbox 1018 619 1075 680; x_wconf 89' lang='lat' dir='ltr'>eti-</span> 
     </span>
     <span class='ocr_line' id='line_1_4' title="bbox 53 697 1074 782; baseline 0.006 -24"><span class='ocrx_word' id='word_1_26' title='bbox 53 697 367 770; x_wconf 60' lang='lat' dir='ltr'>am,utdi31ectici‚</span> <span class='ocrx_word' id='word_1_27' title='bbox 382 716 503 758; x_wconf 86' lang='lat' dir='ltr'>novum</span> <span class='ocrx_word' id='word_1_28' title='bbox 519 697 581 758; x_wconf 92' lang='lat' dir='ltr'>sibi</span> <span class='ocrx_word' id='word_1_29' title='bbox 597 700 658 778; x_wconf 89' lang='lat' dir='ltr'>ipsi</span> <span class='ocrx_word' id='word_1_30' title='bbox 673 698 816 759; x_wconf 91' lang='lat' dir='ltr'>studium</span> <span class='ocrx_word' id='word_1_31' title='bbox 829 699 1005 779; x_wconf 89' lang='lat' dir='ltr'>ludumque</span> <span class='ocrx_word' id='word_1_32' title='bbox 1020 722 1074 782; x_wconf 91' lang='lat' dir='ltr'>pe·</span> 
     </span>
     <span class='ocr_line' id='line_1_5' title="bbox 52 782 1075 866; baseline 0.003 -22"><span class='ocrx_word' id='word_1_33' title='bbox 52 791 225 862; x_wconf 86' lang='lat' dir='ltr'>pererunt,</span> <span class='ocrx_word' id='word_1_34' title='bbox 240 790 340 859; x_wconf 88' lang='lat' dir='ltr'>atque</span> <span class='ocrx_word' id='word_1_35' title='bbox 356 782 389 842; x_wconf 90' lang='lat' dir='ltr'>in</span> <span class='ocrx_word' id='word_1_36' title='bbox 404 782 444 841; x_wconf 90' lang='lat' dir='ltr'>iis</span> <span class='ocrx_word' id='word_1_37' title='bbox 459 782 593 853; x_wconf 71' lang='lat' dir='ltr'>artibus</span> <span class='ocrx_word' id='word_1_38' title='bbox 604 800 677 861; x_wconf 82' lang='lat' dir='ltr'>quae</span> <span class='ocrx_word' id='word_1_39' title='bbox 692 791 831 862; x_wconf 83' lang='lat' dir='ltr'>repertae</span> <span class='ocrx_word' id='word_1_40' title='bbox 846 793 930 855; x_wconf 91' lang='lat' dir='ltr'>sunt,</span> <span class='ocrx_word' id='word_1_41' title='bbox 946 795 982 845; x_wconf 90' lang='lat' dir='ltr'>ut</span> <span class='ocrx_word' id='word_1_42' title='bbox 997 806 1075 866; x_wconf 88' lang='lat' dir='ltr'>pue·</span> 
     </span>
     <span class='ocr_line' id='line_1_6' title="bbox 52 863 1075 948; baseline 0.004 -21"><span class='ocrx_word' id='word_1_43' title='bbox 52 885 168 927; x_wconf 90' lang='lat' dir='ltr'>rorum</span> <span class='ocrx_word' id='word_1_44' title='bbox 182 873 311 926; x_wconf 81' lang='lat' dir='ltr'><strong>mentes</strong></span> <span class='ocrx_word' id='word_1_45' title='bbox 326 864 368 925; x_wconf 87' lang='lat' dir='ltr'>ad</span> <span class='ocrx_word' id='word_1_46' title='bbox 390 863 629 927; x_wconf 82' lang='lat' dir='ltr'>humanitatem</span> <span class='ocrx_word' id='word_1_47' title='bbox 644 866 845 943; x_wconf 90' lang='lat' dir='ltr'>fingerentur</span> <span class='ocrx_word' id='word_1_48' title='bbox 860 877 959 948; x_wconf 90' lang='lat' dir='ltr'>atque</span> <span class='ocrx_word' id='word_1_49' title='bbox 975 872 1075 931; x_wconf 83' lang='lat' dir='ltr'>virtu-</span> 
     </span>
     <span class='ocr_line' id='line_1_7' title="bbox 52 957 1000 1028; baseline 0.003 -18"><span class='ocrx_word' id='word_1_50' title='bbox 52 959 134 1020; x_wconf 88' lang='lat' dir='ltr'>tem,</span> <span class='ocrx_word' id='word_1_51' title='bbox 150 969 249 1010; x_wconf 86' lang='lat' dir='ltr'>omne</span> <span class='ocrx_word' id='word_1_52' title='bbox 264 958 394 1028; x_wconf 89' lang='lat' dir='ltr'>tempus</span> <span class='ocrx_word' id='word_1_53' title='bbox 409 957 507 1026; x_wconf 89' lang='lat' dir='ltr'>atque</span> <span class='ocrx_word' id='word_1_54' title='bbox 523 957 638 1011; x_wconf 84' lang='lat' dir='ltr'>aetates</span> <span class='ocrx_word' id='word_1_55' title='bbox 652 968 731 1010; x_wconf 89' lang='lat' dir='ltr'>suas</span> <span class='ocrx_word' id='word_1_56' title='bbox 745 961 1000 1015; x_wconf 88' lang='lat' dir='ltr'>consumserunt.</span> 
     </span>
     <span class='ocr_line' id='line_1_8' title="bbox 98 1031 1075 1115; baseline 0.004 -20"><span class='ocrx_word' id='word_1_57' title='bbox 98 1032 189 1095; x_wconf 89' lang='lat' dir='ltr'><strong>XVI.</strong></span> <span class='ocrx_word' id='word_1_58' title='bbox 214 1032 289 1103; x_wconf 83' lang='lat' dir='ltr'>Sed,</span> <span class='ocrx_word' id='word_1_59' title='bbox 304 1031 388 1111; x_wconf 82' lang='lat' dir='ltr'>quod</span> <span class='ocrx_word' id='word_1_60' title='bbox 403 1041 498 1093; x_wconf 85' lang='lat' dir='ltr'>erant</span> <span class='ocrx_word' id='word_1_61' title='bbox 513 1033 655 1112; x_wconf 88' lang='lat' dir='ltr'>quidam,</span> <span class='ocrx_word' id='word_1_62' title='bbox 670 1034 757 1112; x_wconf 88' lang='lat' dir='ltr'>iique</span> <span class='ocrx_word' id='word_1_63' title='bbox 773 1035 876 1107; x_wconf 86' lang='lat' dir='ltr'>multi,</span> <span class='ocrx_word' id='word_1_64' title='bbox 890 1037 945 1115; x_wconf 90' lang='lat' dir='ltr'>qui</span> <span class='ocrx_word' id='word_1_65' title='bbox 968 1048 1026 1099; x_wconf 88' lang='lat' dir='ltr'>aut</span> <span class='ocrx_word' id='word_1_66' title='bbox 1041 1040 1075 1099; x_wconf 90' lang='lat' dir='ltr'>in</span> 
     </span>
     <span class='ocr_line' id='line_1_9' title="bbox 52 1116 1074 1199; baseline 0.005 -21"><span class='ocrx_word' id='word_1_67' title='bbox 52 1137 90 1178; x_wconf 89' lang='lat' dir='ltr'>re</span> <span class='ocrx_word' id='word_1_68' title='bbox 107 1116 242 1197; x_wconf 71' lang='lat' dir='ltr'>publica</span> <span class='ocrx_word' id='word_1_69' title='bbox 265 1125 397 1196; x_wconf 88' lang='lat' dir='ltr'>propter</span> <span class='ocrx_word' id='word_1_70' title='bbox 420 1118 607 1199; x_wconf 79' lang='lat' dir='ltr'>ancipitem,</span> <span class='ocrx_word' id='word_1_71' title='bbox 622 1134 695 1196; x_wconf 81' lang='lat' dir='ltr'>quae</span> <span class='ocrx_word' id='word_1_72' title='bbox 719 1138 783 1179; x_wconf 90' lang='lat' dir='ltr'>non</span> <span class='ocrx_word' id='word_1_73' title='bbox 807 1128 913 1198; x_wconf 89' lang='lat' dir='ltr'>potest</span> <span class='ocrx_word' id='word_1_74' title='bbox 932 1141 1003 1182; x_wconf 90' lang='lat' dir='ltr'>esse</span> <span class='ocrx_word' id='word_1_75' title='bbox 1026 1142 1074 1183; x_wconf 89' lang='lat' dir='ltr'>se·</span> 
     </span>
     <span class='ocr_line' id='line_1_10' title="bbox 53 1198 1075 1281; baseline 0.006 -20"><span class='ocrx_word' id='word_1_76' title='bbox 53 1203 188 1277; x_wconf 87' lang='lat' dir='ltr'>juncta,</span> <span class='ocrx_word' id='word_1_77' title='bbox 200 1199 341 1261; x_wconf 86' lang='lat' dir='ltr'>faciendi</span> <span class='ocrx_word' id='word_1_78' title='bbox 353 1198 546 1280; x_wconf 87' lang='lat' dir='ltr'>dicendique</span> <span class='ocrx_word' id='word_1_79' title='bbox 557 1201 763 1281; x_wconf 85' lang='lat' dir='ltr'>sapientiam,</span> <span class='ocrx_word' id='word_1_80' title='bbox 773 1202 933 1275; x_wconf 87' lang='lat' dir='ltr'>florerent,</span> <span class='ocrx_word' id='word_1_81' title='bbox 943 1214 980 1265; x_wconf 93' lang='lat' dir='ltr'>ut</span> <span class='ocrx_word' id='word_1_82' title='bbox 991 1205 1075 1268; x_wconf 88' lang='lat' dir='ltr'>The·</span> 
     </span>
     <span class='ocr_line' id='line_1_11' title="bbox 52 1284 1075 1365; baseline 0.004 -19"><span class='ocrx_word' id='word_1_83' title='bbox 52 1284 234 1355; x_wconf 85' lang='lat' dir='ltr'>mistocles,</span> <span class='ocrx_word' id='word_1_84' title='bbox 256 1292 293 1345; x_wconf 90' lang='lat' dir='ltr'>ut</span> <span class='ocrx_word' id='word_1_85' title='bbox 319 1284 471 1356; x_wconf 86' lang='lat' dir='ltr'>Pericles,</span> <span class='ocrx_word' id='word_1_86' title='bbox 492 1294 529 1346; x_wconf 92' lang='lat' dir='ltr'>ut</span> <span class='ocrx_word' id='word_1_87' title='bbox 550 1284 782 1355; x_wconf 69' lang='lat' dir='ltr'>Theramenes</span> <span class='ocrx_word' id='word_1_88' title='bbox 804 1295 872 1357; x_wconf 86' lang='lat' dir='ltr'>aut,</span> <span class='ocrx_word' id='word_1_89' title='bbox 891 1290 946 1365; x_wconf 92' lang='lat' dir='ltr'>qui</span> <span class='ocrx_word' id='word_1_90' title='bbox 967 1291 1075 1350; x_wconf 82' lang='lat' dir='ltr'>minus</span> 
     </span>
     <span class='ocr_line' id='line_1_12' title="bbox 52 1366 1074 1450; baseline 0.004 -20"><span class='ocrx_word' id='word_1_91' title='bbox 52 1370 121 1450; x_wconf 89' lang='lat' dir='ltr'>ipsi</span> <span class='ocrx_word' id='word_1_92' title='bbox 136 1370 172 1429; x_wconf 91' lang='lat' dir='ltr'>in</span> <span class='ocrx_word' id='word_1_93' title='bbox 186 1387 223 1428; x_wconf 87' lang='lat' dir='ltr'>re</span> <span class='ocrx_word' id='word_1_94' title='bbox 237 1366 370 1448; x_wconf 75' lang='lat' dir='ltr'>publica</span> <span class='ocrx_word' id='word_1_95' title='bbox 384 1377 602 1440; x_wconf 88' lang='lat' dir='ltr'>versarentur,</span> <span class='ocrx_word' id='word_1_96' title='bbox 617 1367 674 1446; x_wconf 85' lang='lat' dir='ltr'>sed</span> <span class='ocrx_word' id='word_1_97' title='bbox 689 1368 787 1448; x_wconf 88' lang='lat' dir='ltr'>hujus</span> <span class='ocrx_word' id='word_1_98' title='bbox 800 1379 914 1430; x_wconf 88' lang='lat' dir='ltr'>tamen</span> <span class='ocrx_word' id='word_1_99' title='bbox 929 1372 1074 1448; x_wconf 84' lang='lat' dir='ltr'>ejusdem</span> 
     </span>
     <span class='ocr_line' id='line_1_13' title="bbox 53 1451 1076 1534; baseline 0.004 -21"><span class='ocrx_word' id='word_1_100' title='bbox 53 1453 231 1533; x_wconf 72' lang='lat' dir='ltr'>sapientia</span> <span class='ocrx_word' id='word_1_101' title='bbox 255 1451 404 1513; x_wconf 86' lang='lat' dir='ltr'>doctores</span> <span class='ocrx_word' id='word_1_102' title='bbox 429 1462 546 1525; x_wconf 84' lang='lat' dir='ltr'>essent,</span> <span class='ocrx_word' id='word_1_103' title='bbox 568 1461 605 1513; x_wconf 92' lang='lat' dir='ltr'>ut</span> <span class='ocrx_word' id='word_1_104' title='bbox 628 1451 778 1530; x_wconf 81' lang='lat' dir='ltr'>Gorgias,</span> <span class='ocrx_word' id='word_1_105' title='bbox 801 1453 1076 1534; x_wconf 82' lang='lat' dir='ltr'>Thrasymachus,</span> 
     </span>
     <span class='ocr_line' id='line_1_14' title="bbox 53 1536 1077 1617; baseline 0.004 -19"><span class='ocrx_word' id='word_1_106' title='bbox 53 1536 238 1607; x_wconf 84' lang='lat' dir='ltr'>Isocrates3</span> <span class='ocrx_word' id='word_1_107' title='bbox 260 1536 386 1596; x_wconf 88' lang='lat' dir='ltr'>inventi</span> <span class='ocrx_word' id='word_1_108' title='bbox 400 1544 484 1607; x_wconf 90' lang='lat' dir='ltr'>sunt,</span> <span class='ocrx_word' id='word_1_109' title='bbox 496 1537 561 1615; x_wconf 90' lang='lat' dir='ltr'>qui,</span> <span class='ocrx_word' id='word_1_110' title='bbox 573 1538 647 1597; x_wconf 81' lang='lat' dir='ltr'>cum</span> <span class='ocrx_word' id='word_1_111' title='bbox 659 1538 720 1617; x_wconf 89' lang='lat' dir='ltr'>ipsi</span> <span class='ocrx_word' id='word_1_112' title='bbox 736 1537 881 1599; x_wconf 75' lang='lat' dir='ltr'>doctrina</span> <span class='ocrx_word' id='word_1_113' title='bbox 892 1547 924 1599; x_wconf 90' lang='lat' dir='ltr'>et</span> <span class='ocrx_word' id='word_1_114' title='bbox 936 1540 1077 1616; x_wconf 88' lang='lat' dir='ltr'>ingeniis</span> 
     </span>
     <span class='ocr_line' id='line_1_15' title="bbox 54 1619 1075 1703; baseline 0.003 -21"><span class='ocrx_word' id='word_1_115' title='bbox 54 1619 277 1690; x_wconf 84' lang='lat' dir='ltr'>abundarent,</span> <span class='ocrx_word' id='word_1_116' title='bbox 292 1640 314 1683; x_wconf 86' lang='lat' dir='ltr'>a</span> <span class='ocrx_word' id='word_1_117' title='bbox 328 1639 363 1680; x_wconf 91' lang='lat' dir='ltr'>re</span> <span class='ocrx_word' id='word_1_118' title='bbox 381 1628 493 1680; x_wconf 86' lang='lat' dir='ltr'>autem</span> <span class='ocrx_word' id='word_1_119' title='bbox 515 1621 605 1681; x_wconf 86' lang='lat' dir='ltr'>cirili</span> <span class='ocrx_word' id='word_1_120' title='bbox 627 1630 659 1681; x_wconf 87' lang='lat' dir='ltr'>et</span> <span class='ocrx_word' id='word_1_121' title='bbox 675 1641 696 1680; x_wconf 90' lang='lat' dir='ltr'>a</span> <span class='ocrx_word' id='word_1_122' title='bbox 710 1623 859 1699; x_wconf 84' lang='lat' dir='ltr'>negotiis,</span> <span class='ocrx_word' id='word_1_123' title='bbox 874 1624 977 1684; x_wconf 89' lang='lat' dir='ltr'>animi</span> <span class='ocrx_word' id='word_1_124' title='bbox 999 1642 1075 1703; x_wconf 92' lang='lat' dir='ltr'>quo-</span> 
     </span>
     <span class='ocr_line' id='line_1_16' title="bbox 53 1703 1076 1781; baseline 0.004 -15"><span class='ocrx_word' id='word_1_125' title='bbox 53 1703 137 1766; x_wconf 85' lang='lat' dir='ltr'>dam</span> <span class='ocrx_word' id='word_1_126' title='bbox 156 1703 282 1781; x_wconf 88' lang='lat' dir='ltr'>judicio</span> <span class='ocrx_word' id='word_1_127' title='bbox 306 1703 527 1775; x_wconf 79' lang='lat' dir='ltr'>abhorrerent,</span> <span class='ocrx_word' id='word_1_128' title='bbox 549 1703 635 1765; x_wconf 87' lang='lat' dir='ltr'>hanc</span> <span class='ocrx_word' id='word_1_129' title='bbox 658 1704 786 1767; x_wconf 88' lang='lat' dir='ltr'>dicendi</span> <span class='ocrx_word' id='word_1_130' title='bbox 808 1709 1076 1770; x_wconf 83' lang='lat' dir='ltr'>exercitationem</span> 
     </span>
     <span class='ocr_line' id='line_1_17' title="bbox 54 1789 1076 1872; baseline 0.004 -22"><span class='ocrx_word' id='word_1_131' title='bbox 54 1789 270 1866; x_wconf 79' lang='lat' dir='ltr'>exagitarent</span> <span class='ocrx_word' id='word_1_132' title='bbox 291 1797 391 1866; x_wconf 90' lang='lat' dir='ltr'>atque</span> <span class='ocrx_word' id='word_1_133' title='bbox 406 1796 670 1859; x_wconf 88' lang='lat' dir='ltr'>contemnerent;</span> <span class='ocrx_word' id='word_1_134' title='bbox 692 1808 829 1869; x_wconf 89' lang='lat' dir='ltr'>quorum</span> <span class='ocrx_word' id='word_1_135' title='bbox 851 1793 1002 1872; x_wconf 84' lang='lat' dir='ltr'>princeps</span> <span class='ocrx_word' id='word_1_136' title='bbox 1020 1791 1076 1854; x_wconf 78' lang='lat' dir='ltr'>So</span> 
     </span>
     <span class='ocr_line' id='line_1_18' title="bbox 54 1871 1076 1950; baseline 0.003 -15"><span class='ocrx_word' id='word_1_137' title='bbox 54 1881 170 1935; x_wconf 81' lang='lat' dir='ltr'>crates</span> <span class='ocrx_word' id='word_1_138' title='bbox 191 1871 263 1944; x_wconf 88' lang='lat' dir='ltr'>fuit,</span> <span class='ocrx_word' id='word_1_139' title='bbox 278 1873 315 1944; x_wconf 90' lang='lat' dir='ltr'>is,</span> <span class='ocrx_word' id='word_1_140' title='bbox 330 1873 394 1950; x_wconf 92' lang='lat' dir='ltr'>qui,</span> <span class='ocrx_word' id='word_1_141' title='bbox 409 1873 555 1933; x_wconf 89' lang='lat' dir='ltr'>omnium</span> <span class='ocrx_word' id='word_1_142' title='bbox 570 1872 771 1935; x_wconf 90' lang='lat' dir='ltr'>eruditorum</span> <span class='ocrx_word' id='word_1_143' title='bbox 792 1875 985 1947; x_wconf 73' lang='lat' dir='ltr'>testimonio,</span> <span class='ocrx_word' id='word_1_144' title='bbox 1003 1879 1076 1938; x_wconf 91' lang='lat' dir='ltr'>toti-</span> 
     </span>
     <span class='ocr_line' id='line_1_19' title="bbox 54 1954 1076 2040; baseline 0.005 -23"><span class='ocrx_word' id='word_1_145' title='bbox 54 1975 163 2036; x_wconf 82' lang='lat' dir='ltr'>usque</span> <span class='ocrx_word' id='word_1_146' title='bbox 181 1955 307 2034; x_wconf 85' lang='lat' dir='ltr'>judicio</span> <span class='ocrx_word' id='word_1_147' title='bbox 328 1954 475 2028; x_wconf 81' lang='lat' dir='ltr'>Graeciae,</span> <span class='ocrx_word' id='word_1_148' title='bbox 497 1959 573 2019; x_wconf 82' lang='lat' dir='ltr'>cum</span> <span class='ocrx_word' id='word_1_149' title='bbox 597 1957 777 2040; x_wconf 73' lang='lat' dir='ltr'>prudentia,</span> <span class='ocrx_word' id='word_1_150' title='bbox 800 1966 833 2019; x_wconf 90' lang='lat' dir='ltr'>et</span> <span class='ocrx_word' id='word_1_151' title='bbox 859 1955 1020 2032; x_wconf 66' lang='lat' dir='ltr'>acumine,</span> <span class='ocrx_word' id='word_1_152' title='bbox 1043 1969 1076 2022; x_wconf 87' lang='lat' dir='ltr'>et</span> 
     </span>
     <span class='ocr_line' id='line_1_20' title="bbox 54 2039 1076 2122; baseline 0.006 -21"><span class='ocrx_word' id='word_1_153' title='bbox 54 2047 246 2111; x_wconf 85' lang='lat' dir='ltr'>venustate,</span> <span class='ocrx_word' id='word_1_154' title='bbox 260 2049 295 2102; x_wconf 89' lang='lat' dir='ltr'>et</span> <span class='ocrx_word' id='word_1_155' title='bbox 308 2039 499 2111; x_wconf 87' lang='lat' dir='ltr'>subtilitate,</span> <span class='ocrx_word' id='word_1_156' title='bbox 514 2049 585 2103; x_wconf 89' lang='lat' dir='ltr'>tum</span> <span class='ocrx_word' id='word_1_157' title='bbox 599 2041 679 2102; x_wconf 78' lang='lat' dir='ltr'>vero</span> <span class='ocrx_word' id='word_1_158' title='bbox 696 2041 888 2122; x_wconf 70' lang='lat' dir='ltr'>eloquentia,</span> <span class='ocrx_word' id='word_1_159' title='bbox 905 2044 1076 2117; x_wconf 88' lang='lat' dir='ltr'>varietate,</span> 
     </span>
    </p>
   </div>
   <div class='ocr_carea' id='block_1_4' title="bbox 56 2124 1170 2206">
    <p class='ocr_par' dir='ltr' id='par_1_4' title="bbox 56 2124 1170 2206">
     <span class='ocr_line' id='line_1_21' title="bbox 56 2124 1170 2206; baseline 0.004 -20"><span class='ocrx_word' id='word_1_160' title='bbox 56 2125 164 2205; x_wconf 75' lang='lat' dir='ltr'>copis,</span> <span class='ocrx_word' id='word_1_161' title='bbox 180 2142 281 2203; x_wconf 86' lang='lat' dir='ltr'>quarn</span> <span class='ocrx_word' id='word_1_162' title='bbox 295 2142 330 2185; x_wconf 86' lang='lat' dir='ltr'>se</span> <span class='ocrx_word' id='word_1_163' title='bbox 346 2143 473 2204; x_wconf 85' lang='lat' dir='ltr'>cunque</span> <span class='ocrx_word' id='word_1_164' title='bbox 491 2126 526 2185; x_wconf 89' lang='lat' dir='ltr'>in</span> <span class='ocrx_word' id='word_1_165' title='bbox 546 2133 675 2206; x_wconf 87' lang='lat' dir='ltr'>partem</span> <span class='ocrx_word' id='word_1_166' title='bbox 690 2125 840 2198; x_wconf 87' lang='lat' dir='ltr'>dedisset,</span> <span class='ocrx_word' id='word_1_167' title='bbox 855 2129 1000 2189; x_wconf 89' lang='lat' dir='ltr'>omnium</span> <span class='ocrx_word' id='word_1_168' title='bbox 1016 2129 1077 2190; x_wconf 86' lang='lat' dir='ltr'>fuit</span> <span class='ocrx_word' id='word_1_169' title='bbox 1157 2124 1170 2147; x_wconf 80' lang='lat'><strong><em>¹</em></strong></span> 
     </span>
    </p>
   </div>
   <div class='ocr_carea' id='block_1_5' title="bbox 6 2207 1090 3880">
    <p class='ocr_par' dir='ltr' id='par_1_5' title="bbox 54 2207 1080 2795">
     <span class='ocr_line' id='line_1_22' title="bbox 55 2207 1080 2292; baseline 0.004 -21"><span class='ocrx_word' id='word_1_170' title='bbox 55 2207 159 2271; x_wconf 76' lang='lat' dir='ltr'>facile</span> <span class='ocrx_word' id='word_1_171' title='bbox 181 2208 342 2288; x_wconf 90' lang='lat' dir='ltr'>princeps,</span> <span class='ocrx_word' id='word_1_172' title='bbox 363 2209 413 2280; x_wconf 85' lang='lat' dir='ltr'>iis,</span> <span class='ocrx_word' id='word_1_173' title='bbox 434 2211 490 2288; x_wconf 92' lang='lat' dir='ltr'>qui</span> <span class='ocrx_word' id='word_1_174' title='bbox 512 2207 594 2280; x_wconf 77' lang='lat' dir='ltr'>hac,</span> <span class='ocrx_word' id='word_1_175' title='bbox 607 2228 680 2289; x_wconf 84' lang='lat' dir='ltr'>quae</span> <span class='ocrx_word' id='word_1_176' title='bbox 702 2232 761 2273; x_wconf 90' lang='lat' dir='ltr'>nos</span> <span class='ocrx_word' id='word_1_177' title='bbox 782 2231 869 2273; x_wconf 89' lang='lat' dir='ltr'>nunc</span> <span class='ocrx_word' id='word_1_178' title='bbox 891 2215 1080 2292; x_wconf 65' lang='lat' dir='ltr'>querimus</span> 
     </span>
     <span class='ocr_line' id='line_1_23' title="bbox 54 2291 1077 2378; baseline 0.003 -23"><span class='ocrx_word' id='word_1_179' title='bbox 54 2300 253 2363; x_wconf 84' lang='lat' dir='ltr'>tractarent,</span> <span class='ocrx_word' id='word_1_180' title='bbox 276 2291 422 2371; x_wconf 75' lang='lat' dir='ltr'>agerent,</span> <span class='ocrx_word' id='word_1_181' title='bbox 437 2291 602 2365; x_wconf 88' lang='lat' dir='ltr'>docerent,</span> <span class='ocrx_word' id='word_1_182' title='bbox 624 2294 698 2355; x_wconf 81' lang='lat' dir='ltr'>oiim</span> <span class='ocrx_word' id='word_1_183' title='bbox 719 2296 850 2357; x_wconf 88' lang='lat' dir='ltr'>nomine</span> <span class='ocrx_word' id='word_1_184' title='bbox 874 2297 1077 2378; x_wconf 88' lang='lat' dir='ltr'>appellaren-</span> 
     </span>
     <span class='ocr_line' id='line_1_24' title="bbox 55 2375 1077 2460; baseline 0.004 -21"><span class='ocrx_word' id='word_1_185' title='bbox 55 2392 113 2439; x_wconf 89' lang='lat' dir='ltr'>tur</span> <span class='ocrx_word' id='word_1_186' title='bbox 131 2395 210 2448; x_wconf 91' lang='lat' dir='ltr'>uno,</span> <span class='ocrx_word' id='word_1_187' title='bbox 225 2375 310 2455; x_wconf 80' lang='lat' dir='ltr'>quod</span> <span class='ocrx_word' id='word_1_188' title='bbox 332 2378 437 2437; x_wconf 89' lang='lat' dir='ltr'>omnis</span> <span class='ocrx_word' id='word_1_189' title='bbox 459 2396 569 2438; x_wconf 90' lang='lat' dir='ltr'>rerum</span> <span class='ocrx_word' id='word_1_190' title='bbox 591 2379 789 2457; x_wconf 88' lang='lat' dir='ltr'>optimarum</span> <span class='ocrx_word' id='word_1_191' title='bbox 811 2382 962 2457; x_wconf 86' lang='lat' dir='ltr'>cognitio,</span> <span class='ocrx_word' id='word_1_192' title='bbox 977 2390 1077 2460; x_wconf 91' lang='lat' dir='ltr'>atque</span> 
     </span>
     <span class='ocr_line' id='line_1_25' title="bbox 55 2459 1077 2541; baseline -0.001 -16"><span class='ocrx_word' id='word_1_193' title='bbox 55 2464 94 2525; x_wconf 90' lang='lat' dir='ltr'>in</span> <span class='ocrx_word' id='word_1_194' title='bbox 109 2461 153 2522; x_wconf 88' lang='lat' dir='ltr'>iis</span> <span class='ocrx_word' id='word_1_195' title='bbox 164 2461 365 2531; x_wconf 84' lang='lat' dir='ltr'>exercitatio,</span> <span class='ocrx_word' id='word_1_196' title='bbox 376 2459 582 2541; x_wconf 88' lang='lat' dir='ltr'>philosophia</span> <span class='ocrx_word' id='word_1_197' title='bbox 591 2463 823 2534; x_wconf 85' lang='lat' dir='ltr'>nominaretur,</span> <span class='ocrx_word' id='word_1_198' title='bbox 832 2462 894 2525; x_wconf 88' lang='lat' dir='ltr'>hoc</span> <span class='ocrx_word' id='word_1_199' title='bbox 906 2480 1077 2524; x_wconf 85' lang='lat' dir='ltr'>commune</span> 
     </span>
     <span class='ocr_line' id='line_1_26' title="bbox 55 2545 1077 2625; baseline 0 -18"><span class='ocrx_word' id='word_1_200' title='bbox 55 2563 181 2607; x_wconf 89' lang='lat' dir='ltr'>nomen</span> <span class='ocrx_word' id='word_1_201' title='bbox 196 2545 327 2624; x_wconf 87' lang='lat' dir='ltr'>eripuit,</span> <span class='ocrx_word' id='word_1_202' title='bbox 340 2545 569 2625; x_wconf 88' lang='lat' dir='ltr'>sapienterque</span> <span class='ocrx_word' id='word_1_203' title='bbox 584 2545 754 2617; x_wconf 85' lang='lat' dir='ltr'>sentiendi,</span> <span class='ocrx_word' id='word_1_204' title='bbox 769 2556 802 2607; x_wconf 90' lang='lat' dir='ltr'>et</span> <span class='ocrx_word' id='word_1_205' title='bbox 820 2547 933 2608; x_wconf 74' lang='lat' dir='ltr'>ornate</span> <span class='ocrx_word' id='word_1_206' title='bbox 949 2547 1077 2607; x_wconf 87' lang='lat' dir='ltr'>dicendi</span> 
     </span>
     <span class='ocr_line' id='line_1_27' title="bbox 56 2627 1077 2709; baseline -0.003 -17"><span class='ocrx_word' id='word_1_207' title='bbox 56 2629 244 2700; x_wconf 88' lang='lat' dir='ltr'>scientiam,</span> <span class='ocrx_word' id='word_1_208' title='bbox 255 2648 289 2690; x_wconf 89' lang='lat' dir='ltr'>re</span> <span class='ocrx_word' id='word_1_209' title='bbox 305 2627 514 2709; x_wconf 62' lang='lat' dir='ltr'>cohaerentes,</span> <span class='ocrx_word' id='word_1_210' title='bbox 525 2628 800 2709; x_wconf 87' lang='lat' dir='ltr'>disputationibus</span> <span class='ocrx_word' id='word_1_211' title='bbox 814 2631 881 2689; x_wconf 90' lang='lat' dir='ltr'>suis</span> <span class='ocrx_word' id='word_1_212' title='bbox 893 2631 1077 2709; x_wconf 86' lang='lat' dir='ltr'>separavit:</span> 
     </span>
     <span class='ocr_line' id='line_1_28' title="bbox 57 2697 1077 2795; baseline -0.004 -18"><span class='ocrx_word' id='word_1_213' title='bbox 57 2715 157 2792; x_wconf 87' lang='lat' dir='ltr'>cujus</span> <span class='ocrx_word' id='word_1_214' title='bbox 171 2697 526 2791; x_wconf 53' lang='lat' dir='ltr'>ingeni‘uffi&#39;rariosque</span> <span class='ocrx_word' id='word_1_215' title='bbox 542 2731 706 2773; x_wconf 89' lang='lat' dir='ltr'>sermones</span> <span class='ocrx_word' id='word_1_216' title='bbox 728 2713 966 2774; x_wconf 87' lang='lat' dir='ltr'>immortalitati</span> <span class='ocrx_word' id='word_1_217' title='bbox 980 2714 1077 2795; x_wconf 88' lang='lat' dir='ltr'>scrip·</span> 
     </span>
    </p>

    <p class='ocr_par' dir='ltr' id='par_1_6' title="bbox 6 2794 1080 3622">
     <span class='ocr_line' id='line_1_29' title="bbox 57 2794 1078 2876; baseline 0 -17"><span class='ocrx_word' id='word_1_218' title='bbox 57 2798 102 2859; x_wconf 86' lang='lat' dir='ltr'>tis</span> <span class='ocrx_word' id='word_1_219' title='bbox 112 2797 184 2857; x_wconf 89' lang='lat' dir='ltr'>suis</span> <span class='ocrx_word' id='word_1_220' title='bbox 198 2794 294 2858; x_wconf 90' lang='lat' dir='ltr'>Plato</span> <span class='ocrx_word' id='word_1_221' title='bbox 307 2795 452 2866; x_wconf 84' lang='lat' dir='ltr'>tradidit,</span> <span class='ocrx_word' id='word_1_222' title='bbox 467 2797 625 2876; x_wconf 80' lang='lat' dir='ltr'>cumipse</span> <span class='ocrx_word' id='word_1_223' title='bbox 640 2796 770 2858; x_wconf 88' lang='lat' dir='ltr'>literam</span> <span class='ocrx_word' id='word_1_224' title='bbox 785 2794 937 2858; x_wconf 82' lang='lat' dir='ltr'>Socrates</span> <span class='ocrx_word' id='word_1_225' title='bbox 952 2797 1078 2859; x_wconf 88' lang='lat' dir='ltr'>nullam</span> 
     </span>
     <span class='ocr_line' id='line_1_30' title="bbox 6 2868 1078 2960; baseline 0.001 -18"><span class='ocrx_word' id='word_1_226' title='bbox 6 2868 10 2889; x_wconf 75' lang='grc'><strong><em>’</em></strong></span> <span class='ocrx_word' id='word_1_227' title='bbox 57 2880 255 2959; x_wconf 87' lang='lat' dir='ltr'>reliquisset.</span> <span class='ocrx_word' id='word_1_228' title='bbox 299 2877 387 2941; x_wconf 89' lang='lat' dir='ltr'>Hinc</span> <span class='ocrx_word' id='word_1_229' title='bbox 402 2879 574 2942; x_wconf 86' lang='lat' dir='ltr'>discidium</span> <span class='ocrx_word' id='word_1_230' title='bbox 595 2879 676 2945; x_wconf 87' lang='lat' dir='ltr'>illud</span> <span class='ocrx_word' id='word_1_231' title='bbox 696 2881 820 2942; x_wconf 82' lang='lat' dir='ltr'>exstitit</span> <span class='ocrx_word' id='word_1_232' title='bbox 841 2883 934 2960; x_wconf 83' lang='lat' dir='ltr'>quasi</span> <span class='ocrx_word' id='word_1_233' title='bbox 957 2881 1078 2959; x_wconf 85' lang='lat' dir='ltr'>linguae</span> 
     </span>
     <span class='ocr_line' id='line_1_31' title="bbox 58 2963 1078 3046; baseline 0.001 -20"><span class='ocrx_word' id='word_1_234' title='bbox 58 2974 162 3044; x_wconf 87' lang='lat' dir='ltr'>atque</span> <span class='ocrx_word' id='word_1_235' title='bbox 179 2963 294 3035; x_wconf 91' lang='lat' dir='ltr'>cordis,</span> <span class='ocrx_word' id='word_1_236' title='bbox 309 2963 488 3024; x_wconf 86' lang='lat' dir='ltr'>absurdum</span> <span class='ocrx_word' id='word_1_237' title='bbox 509 2964 588 3024; x_wconf 79' lang='lat' dir='ltr'>sane</span> <span class='ocrx_word' id='word_1_238' title='bbox 604 2975 637 3026; x_wconf 90' lang='lat' dir='ltr'>et</span> <span class='ocrx_word' id='word_1_239' title='bbox 659 2965 773 3026; x_wconf 90' lang='lat' dir='ltr'>inutile</span> <span class='ocrx_word' id='word_1_240' title='bbox 789 2973 822 3026; x_wconf 90' lang='lat' dir='ltr'>et</span> <span class='ocrx_word' id='word_1_241' title='bbox 842 2964 1078 3046; x_wconf 88' lang='lat' dir='ltr'>reprehenden-</span> 
     </span>
     <span class='ocr_line' id='line_1_32' title="bbox 59 3047 1079 3126; baseline 0.001 -16"><span class='ocrx_word' id='word_1_242' title='bbox 59 3048 150 3117; x_wconf 88' lang='lat' dir='ltr'>dum,</span> <span class='ocrx_word' id='word_1_243' title='bbox 166 3054 203 3108; x_wconf 89' lang='lat' dir='ltr'>ut</span> <span class='ocrx_word' id='word_1_244' title='bbox 217 3047 275 3108; x_wconf 90' lang='lat' dir='ltr'>alii</span> <span class='ocrx_word' id='word_1_245' title='bbox 290 3066 349 3108; x_wconf 88' lang='lat' dir='ltr'>nos</span> <span class='ocrx_word' id='word_1_246' title='bbox 364 3066 489 3126; x_wconf 87' lang='lat' dir='ltr'>sapere,</span> <span class='ocrx_word' id='word_1_247' title='bbox 501 3047 559 3110; x_wconf 88' lang='lat' dir='ltr'>alii</span> <span class='ocrx_word' id='word_1_248' title='bbox 574 3047 681 3110; x_wconf 86' lang='lat' dir='ltr'>dicere</span> <span class='ocrx_word' id='word_1_249' title='bbox 697 3049 858 3113; x_wconf 87' lang='lat' dir='ltr'>docerent.</span> <span class='ocrx_word' id='word_1_250' title='bbox 903 3049 991 3110; x_wconf 87' lang='lat' dir='ltr'>Nam</span> <span class='ocrx_word' id='word_1_251' title='bbox 1004 3051 1079 3111; x_wconf 78' lang='lat' dir='ltr'>clim</span> 
     </span>
     <span class='ocr_line' id='line_1_33' title="bbox 59 3130 1078 3212; baseline 0.001 -19"><span class='ocrx_word' id='word_1_252' title='bbox 59 3140 172 3193; x_wconf 88' lang='lat' dir='ltr'>essent</span> <span class='ocrx_word' id='word_1_253' title='bbox 194 3131 305 3210; x_wconf 88' lang='lat' dir='ltr'>plures</span> <span class='ocrx_word' id='word_1_254' title='bbox 326 3132 389 3192; x_wconf 91' lang='lat' dir='ltr'>orti</span> <span class='ocrx_word' id='word_1_255' title='bbox 411 3131 479 3193; x_wconf 71' lang='lat' dir='ltr'>fere</span> <span class='ocrx_word' id='word_1_256' title='bbox 494 3151 516 3192; x_wconf 92' lang='lat' dir='ltr'>a</span> <span class='ocrx_word' id='word_1_257' title='bbox 531 3130 677 3204; x_wconf 81' lang='lat' dir='ltr'>Socrate,</span> <span class='ocrx_word' id='word_1_258' title='bbox 692 3132 786 3212; x_wconf 83' lang='lat' dir='ltr'>quod,</span> <span class='ocrx_word' id='word_1_259' title='bbox 801 3152 842 3194; x_wconf 84' lang='lat' dir='ltr'>ex</span> <span class='ocrx_word' id='word_1_260' title='bbox 863 3133 952 3194; x_wconf 91' lang='lat' dir='ltr'>illius</span> <span class='ocrx_word' id='word_1_261' title='bbox 966 3135 1078 3206; x_wconf 84' lang='lat' dir='ltr'>variis,</span> 
     </span>
     <span class='ocr_line' id='line_1_34' title="bbox 60 3214 1078 3296; baseline 0.004 -22"><span class='ocrx_word' id='word_1_262' title='bbox 60 3224 94 3277; x_wconf 86' lang='lat' dir='ltr'>et</span> <span class='ocrx_word' id='word_1_263' title='bbox 109 3214 256 3287; x_wconf 86' lang='lat' dir='ltr'>diversis,</span> <span class='ocrx_word' id='word_1_264' title='bbox 268 3223 300 3276; x_wconf 90' lang='lat' dir='ltr'>et</span> <span class='ocrx_word' id='word_1_265' title='bbox 315 3217 349 3276; x_wconf 92' lang='lat' dir='ltr'>in</span> <span class='ocrx_word' id='word_1_266' title='bbox 364 3235 495 3276; x_wconf 88' lang='lat' dir='ltr'>omnem</span> <span class='ocrx_word' id='word_1_267' title='bbox 509 3225 638 3295; x_wconf 87' lang='lat' dir='ltr'>partem</span> <span class='ocrx_word' id='word_1_268' title='bbox 653 3215 778 3277; x_wconf 87' lang='lat' dir='ltr'>diffusis</span> <span class='ocrx_word' id='word_1_269' title='bbox 794 3216 1078 3296; x_wconf 88' lang='lat' dir='ltr'>disputationibus,</span> 
     </span>
     <span class='ocr_line' id='line_1_35' title="bbox 61 3298 1079 3381; baseline 0.002 -21"><span class='ocrx_word' id='word_1_270' title='bbox 61 3300 149 3361; x_wconf 88' lang='lat' dir='ltr'>alius</span> <span class='ocrx_word' id='word_1_271' title='bbox 165 3298 558 3379; x_wconf 59' lang='lat' dir='ltr'>aliudapprehendcram</span> <span class='ocrx_word' id='word_1_272' title='bbox 580 3298 809 3381; x_wconf 67' lang='lat' dir='ltr'>prir&#39;sEminatae</span> <span class='ocrx_word' id='word_1_273' title='bbox 824 3309 899 3360; x_wconf 89' lang='lat' dir='ltr'>sunt</span> <span class='ocrx_word' id='word_1_274' title='bbox 921 3301 1079 3380; x_wconf 87' lang='lat' dir='ltr'>quasi-fa-</span> 
     </span>
     <span class='ocr_line' id='line_1_36' title="bbox 60 3382 1079 3460; baseline 0.002 -15"><span class='ocrx_word' id='word_1_275' title='bbox 60 3384 163 3445; x_wconf 85' lang='lat' dir='ltr'>miliae</span> <span class='ocrx_word' id='word_1_276' title='bbox 178 3382 406 3445; x_wconf 85' lang='lat' dir='ltr'>dissentientes</span> <span class='ocrx_word' id='word_1_277' title='bbox 421 3385 506 3444; x_wconf 88' lang='lat' dir='ltr'>inter</span> <span class='ocrx_word' id='word_1_278' title='bbox 520 3403 565 3453; x_wconf 89' lang='lat' dir='ltr'>se,</span> <span class='ocrx_word' id='word_1_279' title='bbox 578 3394 614 3444; x_wconf 88' lang='lat' dir='ltr'>et</span> <span class='ocrx_word' id='word_1_280' title='bbox 628 3383 768 3444; x_wconf 82' lang='lat' dir='ltr'>multum</span> <span class='ocrx_word' id='word_1_281' title='bbox 782 3382 953 3460; x_wconf 84' lang='lat' dir='ltr'>disjunctae</span> <span class='ocrx_word' id='word_1_282' title='bbox 969 3393 1001 3445; x_wconf 87' lang='lat' dir='ltr'>et</span> <span class='ocrx_word' id='word_1_283' title='bbox 1017 3385 1079 3447; x_wconf 91' lang='lat' dir='ltr'>dis-</span> 
     </span>
     <span class='ocr_line' id='line_1_37' title="bbox 6 3465 1080 3549; baseline 0.003 -21"><span class='ocrx_word' id='word_1_284' title='bbox 6 3470 7 3501; x_wconf 66' lang='lat' dir='ltr'>r</span> <span class='ocrx_word' id='word_1_285' title='bbox 61 3486 170 3549; x_wconf 86' lang='lat' dir='ltr'>pares,</span> <span class='ocrx_word' id='word_1_286' title='bbox 182 3467 257 3528; x_wconf 81' lang='lat' dir='ltr'>cum</span> <span class='ocrx_word' id='word_1_287' title='bbox 271 3474 385 3528; x_wconf 90' lang='lat' dir='ltr'>tamen</span> <span class='ocrx_word' id='word_1_288' title='bbox 399 3486 513 3528; x_wconf 90' lang='lat' dir='ltr'>omnes</span> <span class='ocrx_word' id='word_1_289' title='bbox 527 3486 562 3527; x_wconf 88' lang='lat' dir='ltr'>se</span> <span class='ocrx_word' id='word_1_290' title='bbox 573 3465 757 3547; x_wconf 90' lang='lat' dir='ltr'>philosophi</span> <span class='ocrx_word' id='word_1_291' title='bbox 768 3465 954 3537; x_wconf 83' lang='lat' dir='ltr'>Socraticos</span> <span class='ocrx_word' id='word_1_292' title='bbox 966 3478 999 3531; x_wconf 89' lang='lat' dir='ltr'>et</span> <span class='ocrx_word' id='word_1_293' title='bbox 1013 3469 1080 3533; x_wconf 88' lang='lat' dir='ltr'>dici</span> 
     </span>
     <span class='ocr_line' id='line_1_38' title="bbox 63 3551 596 3622; baseline -0.006 -9"><span class='ocrx_word' id='word_1_294' title='bbox 63 3551 198 3622; x_wconf 87' lang='lat' dir='ltr'>vellent,</span> <span class='ocrx_word' id='word_1_295' title='bbox 212 3560 247 3612; x_wconf 89' lang='lat' dir='ltr'>et</span> <span class='ocrx_word' id='word_1_296' title='bbox 262 3569 332 3612; x_wconf 86' lang='lat' dir='ltr'>esse</span> <span class='ocrx_word' id='word_1_297' title='bbox 349 3551 596 3613; x_wconf 87' lang='lat' dir='ltr'>arbitrarentur.</span> 
     </span>
    </p>

    <p class='ocr_par' dir='ltr' id='par_1_7' title="bbox 62 3628 1090 3880">
     <span class='ocr_line' id='line_1_39' title="bbox 105 3628 1080 3715; baseline 0.001 -18"><span class='ocrx_word' id='word_1_298' title='bbox 105 3633 208 3697; x_wconf 86' lang='lat' dir='ltr'><strong>XVII.</strong></span> <span class='ocrx_word' id='word_1_299' title='bbox 226 3628 281 3697; x_wconf 63' lang='lat' dir='ltr'>xAc</span> <span class='ocrx_word' id='word_1_300' title='bbox 295 3634 400 3715; x_wconf 80' lang='lat' dir='ltr'>primo</span> <span class='ocrx_word' id='word_1_301' title='bbox 415 3633 458 3696; x_wconf 91' lang='lat' dir='ltr'>ab</span> <span class='ocrx_word' id='word_1_302' title='bbox 480 3635 551 3714; x_wconf 89' lang='lat' dir='ltr'>ipso</span> <span class='ocrx_word' id='word_1_303' title='bbox 566 3634 701 3696; x_wconf 89' lang='lat' dir='ltr'>Platone</span> <span class='ocrx_word' id='word_1_304' title='bbox 717 3634 910 3697; x_wconf 86' lang='lat' dir='ltr'>Aristoteles</span> <span class='ocrx_word' id='word_1_305' title='bbox 925 3645 958 3696; x_wconf 92' lang='lat' dir='ltr'>et</span> <span class='ocrx_word' id='word_1_306' title='bbox 973 3634 1080 3698; x_wconf 84' lang='lat' dir='ltr'>Xeno-</span> 
     </span>
     <span class='ocr_line' id='line_1_40' title="bbox 62 3715 1090 3800; baseline -0.001 -19"><span class='ocrx_word' id='word_1_307' title='bbox 62 3727 192 3789; x_wconf 80' lang='lat' dir='ltr'>crates3</span> <span class='ocrx_word' id='word_1_308' title='bbox 215 3738 353 3799; x_wconf 89' lang='lat' dir='ltr'>quorum</span> <span class='ocrx_word' id='word_1_309' title='bbox 367 3720 452 3781; x_wconf 87' lang='lat' dir='ltr'>alter</span> <span class='ocrx_word' id='word_1_310' title='bbox 474 3717 776 3800; x_wconf 85' lang='lat' dir='ltr'>Peripateticorum,</span> <span class='ocrx_word' id='word_1_311' title='bbox 790 3719 876 3781; x_wconf 88' lang='lat' dir='ltr'>alter</span> <span class='ocrx_word' id='word_1_312' title='bbox 891 3715 1090 3781; x_wconf 75' lang='lat' dir='ltr'>Academia·</span> 
     </span>
     <span class='ocr_line' id='line_1_41' title="bbox 64 3800 1081 3880; baseline -0.003 -14"><span class='ocrx_word' id='word_1_313' title='bbox 64 3815 184 3866; x_wconf 65' lang='lat' dir='ltr'>nornen</span> <span class='ocrx_word' id='word_1_314' title='bbox 196 3803 356 3865; x_wconf 84' lang='lat' dir='ltr'>obtinuit:</span> <span class='ocrx_word' id='word_1_315' title='bbox 382 3800 499 3864; x_wconf 87' lang='lat' dir='ltr'>deinde</span> <span class='ocrx_word' id='word_1_316' title='bbox 521 3801 570 3863; x_wconf 86' lang='lat' dir='ltr'>ab</span> <span class='ocrx_word' id='word_1_317' title='bbox 580 3802 786 3874; x_wconf 79' lang='lat' dir='ltr'>Antisthene,</span> <span class='ocrx_word' id='word_1_318' title='bbox 808 3803 863 3880; x_wconf 81' lang='lat' dir='ltr'>qui</span> <span class='ocrx_word' id='word_1_319' title='bbox 885 3801 1081 3880; x_wconf 82' lang='lat' dir='ltr'>patientiam</span> 
     </span>
    </p>
   </div>
   <div class='ocr_carea' id='block_1_6' title="bbox 545 3891 653 3953">
    <p class='ocr_par' dir='ltr' id='par_1_8' title="bbox 545 3891 653 3953">
     <span class='ocr_line' id='line_1_42' title="bbox 545 3891 653 3953; baseline 0.056 -6"><span class='ocrx_word' id='word_1_320' title='bbox 545 3891 653 3953; x_wconf 83' lang='lat'>15.</span> 
     </span>
    </p>
   </div>
   <div class='ocr_carea' id='block_1_7' title="bbox 0 0 1238 4276">
    <p class='ocr_par' dir='ltr' id='par_1_9' title="bbox 0 0 1238 4276">
     <span class='ocr_line' id='line_1_43' title="bbox 0 0 1238 4276; baseline 0 0"><span class='ocrx_word' id='word_1_321' title='bbox 0 0 1238 4276; x_wconf 95' lang='lat' dir='ltr'> </span> 
     </span>
    </p>
   </div>
  </div>
 </body>
</html>
