2434 4286
147 348 207 407 124
349 390 352 391 ν
402 360 441 404 ns
457 360 603 405 ,carrona
623 361 713 402 maa
732 361 895 405 emanans.

143 512 221 573 vere
235 509 321 592 quod
333 528 469 572 narrare
483 509 588 589 possis
604 507 703 588 (quod
711 516 824 570 tamen
839 518 889 571 est
903 496 1166 575 mendaciumn}

144 598 184 659 lis
199 593 482 677 adspergendum),
497 593 566 653 sive
586 592 702 669 fingas
746 591 808 654 Est
831 604 943 655 autem
967 594 1038 656 hae
1061 596 1164 675 hujus

145 682 274 759 generis
289 681 401 750 virtue,
416 688 452 740 ut
467 679 515 738 ita
530 676 620 738 facta
634 676 845 749 demonstres,
855 687 892 738 ut
908 697 1015 740 mores
1026 682 1108 758 eJ'uS,
1119 681 1164 744 <le

145 785 208 844 quo
224 784 345 835 narres,
360 773 397 824 ut
411 780 527 831 sermo,
543 769 579 821 ut
593 761 713 831 vultus
728 780 841 822 ornnes
864 765 1099 842 exprimantur,
1123 774 1164 827 ut

146 851 194 920 iis,
210 849 264 927 qui
281 847 426 918 audiunt,
441 856 512 907 tum
526 845 597 922 geri
612 845 671 905 illa
684 844 820 923 fierique
842 845 1026 909 videantur.
1071 849 1109 909 ln
1124 869 1163 912 re

145 934 231 994 inest
245 934 324 993 item
339 930 522 1000 ridiculum,
537 928 622 1007 quod
637 947 678 989 ex
692 928 832 1007 quddam
855 928 1036 1009 depravata
1051 934 1164 995 imita·

145 1020 233 1079 tione
249 1017 334 1076 sumi
348 1015 441 1086 solet,
457 1024 493 1074 ut
508 1013 596 1073 idem
611 1011 756 1083 Crassus,
773 1032 834 1092 per
856 1022 942 1075 taam
963 1014 1164 1089 nobilitatem,

120 1122 202 1183 ,per
224 1110 355 1160 oestrum
370 1096 545 1181 familiam.
590 1095 679 1172 Quid
703 1097 792 1157 aliud
816 1095 887 1168 fuit,
902 1099 936 1159 in
959 1118 1021 1177 quo
1045 1103 1164 1162 concio

146 1185 276 1256 rideret,
290 1184 352 1245 nisi
368 1184 426 1243 illa
440 1182 549 1243 vultus
565 1192 597 1242 et
612 1183 702 1241 vocis
723 1179 887 1241 imitatio?
933 1180 999 1243 Per
1013 1193 1084 1243 tuas
1099 1194 1164 1245 sta-

147 1279 217 1329 tues
232 1267 311 1329 vero
326 1269 398 1329 clim
414 1266 504 1337 dixit,
519 1275 552 1326 et
567 1273 700 1325 extento
723 1262 857 1326 brachio
871 1266 1043 1346 paululum
1058 1269 1165 1330 etiam

147 1351 187 1413 dc
203 1360 298 1430 gestu
309 1350 443 1421 addidit,
457 1349 684 1410 vehementius
699 1349 838 1409 risimus
882 1348 935 1411 Ex
956 1349 1016 1411 hoc
1039 1371 1164 1427 genere

147 1446 197 1498 est
213 1437 270 1498 illa
284 1435 451 1498 Rosciana
465 1434 606 1494 imitatio
622 1434 728 1493 senis:
755 1430 826 1492 Tibi
849 1453 916 1514 ego,
941 1432 1165 1516 Antiphellos

146 1541 223 1593 sero,
238 1521 360 1599 inquit:
383 1518 674 1588 seniumest,ci1m
690 1516 798 1578 audio.
843 1518 950 1596 Atque
973 1519 1021 1579 ita
1042 1530 1093 1581 est
1115 1530 1165 1585 to,

147 1616 219 1666 tum
242 1604 303 1665 hoc
327 1605 397 1684 ipso
421 1621 541 1680 genere
566 1601 748 1671 ridiculum,
763 1610 800 1662 ut
815 1602 1002 1662 cautissime
1017 1611 1164 1666 tractan-

147 1688 225 1749 dum
240 1689 291 1749 sit.
336 1686 512 1748 Mimorum
528 1695 577 1745 est
593 1686 680 1749 enim
703 1684 935 1762 ethologorum,
951 1686 978 1746 si
993 1687 1099 1749 nimia
1113 1699 1166 1751 est

148 1774 297 1842 imitatio,
312 1773 396 1833 sicut
411 1770 616 1832 obscoenitas.
650 1767 768 1830 Orator
783 1766 937 1848 surripiat
948 1779 1075 1849 oportet
1090 1771 1164 1833 imi-

148 1860 316 1926 tationem,
331 1864 367 1917 ut
382 1858 419 1926 is,
441 1855 497 1935 qui
521 1853 644 1924 audiat,
659 1855 781 1931 cogitet
795 1853 900 1933 plura,
916 1854 1013 1931 quam
1027 1854 1165 1916 videat:

147 1950 279 2023 praestet
294 1940 382 2001 idem
396 1940 635 2016 ingenuitatem
650 1947 683 1998 et
697 1937 849 1999 ruborem
866 1956 971 2008 suum,
986 1938 1166 2002 verborum
1206 1966 1207 1971 ¹

147 2024 346 2104 turpitudine
362 2033 395 2084 et
410 2042 519 2085 rerum
535 2022 749 2083 obscoenitate
765 2021 907 2082 vitanda.

191 2108 259 2172 LX.
283 2108 373 2186 Ergo
387 2107 457 2168 haec
473 2106 537 2167 duo
552 2125 675 2184 genera
690 2115 765 2167 sunt
781 2107 852 2183 ejus
875 2105 1012 2176 ridiculi,
1027 2106 1116 2185 quod
1130 2110 1167 2170 in

147 2213 183 2255 rc
198 2195 340 2273 positum
355 2200 425 2252 est:
447 2210 519 2270 quae
535 2200 611 2251 sunt
625 2191 758 2270 propria
772 2198 1005 2269 perpetuarum
1026 2191 1166 2253 facetia·

149 2297 230 2347 rum,
242 2279 276 2337 in
291 2276 408 2356 quibus
423 2273 651 2336 describuntur
666 2274 834 2335 hominum
845 2293 960 2344 mores,
970 2282 1003 2335 et
1013 2275 1063 2336 ita
1074 2274 1166 2337 effin-

149 2370 280 2440 guntur,
294 2371 331 2422 ut
347 2368 414 2430 aut,
429 2379 464 2420 re
479 2360 612 2420 narrata
627 2358 745 2437 aliqua,
760 2358 874 2436 quales
889 2359 963 2429 sint,
977 2358 1166 2437 intelligan-

148 2456 220 2517 tur3
243 2454 311 2516 aut,
326 2444 507 2505 imitatione
525 2443 616 2504 brevi
631 2442 760 2520 injecta,
783 2444 817 2502 in
842 2443 951 2520 aliquo
975 2443 1098 2520 insigni
1122 2442 1165 2505 ad
1205 2514 1206 2523 χ

148 2529 348 2592 irridendum
362 2529 444 2589 vitio
458 2528 671 2609 reperiantur.
706 2525 741 2588 ln
757 2526 844 2587 dicto
859 2536 972 2587 autem
987 2525 1166 2591 ridiculum

149 2624 199 2678 est
214 2614 255 2686 id,
267 2612 353 2693 quod
366 2611 460 2674 verbi
475 2622 533 2673 aut
548 2612 718 2673 sententia
730 2609 872 2689 quodam
887 2612 1038 2672 acumine
1053 2631 1166 2674 move·

149 2707 212 2762 tur.
257 2697 331 2770 Sed,
356 2707 402 2770 ut,
428 2699 463 2758 in
485 2696 553 2758 ullo
579 2697 745 2775 superiore
761 2714 881 2771 genere
896 2695 950 2756 vel
965 2696 1167 2758 narrationis

149 2784 203 2845 vel
229 2782 429 2852 imitationis,
453 2768 590 2842 vitanda
612 2789 662 2840 est
685 2780 859 2840 mimorum
883 2778 1109 2855 ethologorum
1124 2782 1167 2841 si·

113 2876 127 2898 ‘
149 2862 320 2928 militudo:
343 2868 399 2937 sic,
419 2867 452 2925 in
474 2865 545 2936 hoc,
560 2865 705 2925 scurrilis
719 2864 840 2925 oratori
863 2862 1021 2924 dicacitas
1043 2882 1168 2942 magno

150 2971 248 3030 opere
264 2949 421 3027 fugienda
435 2958 493 3011 est.
538 2947 604 3024 Qui
626 2950 726 3026 igitur
747 2946 985 3024 distinguemus
999 2966 1020 3008 a
1035 2946 1167 3020 Crasso,

150 3055 173 3096 a
187 3033 315 3106 Catulo,
331 3054 352 3094 a
367 3036 505 3106 caeteris,
520 3032 718 3094 familiarem
741 3040 896 3103 vestrum,
919 3031 1090 3103 Granium,
1105 3043 1167 3094 aut

151 3118 344 3197 Vargulam,
359 3119 501 3179 amicum
516 3114 651 3178 meumi
690 3115 775 3187 Non,
798 3114 994 3186 mehercule,
1018 3117 1051 3175 in
1075 3135 1153 3179 men

150 3211 218 3265 tem
234 3201 314 3263 mihi
328 3201 460 3281 quidem
475 3203 586 3263 venit:
609 3211 684 3262 sunt
696 3201 784 3261 enim
795 3199 945 3271 dicaces;
960 3198 1085 3261 Granio
1097 3202 1168 3280 qui·

152 3287 227 3349 dem
242 3307 338 3349 nemo
352 3285 504 3351 dicacior.
549 3284 632 3356 Hoc,
647 3286 770 3366 opinor,
792 3285 943 3364 primum,
959 3304 1010 3356 ne,
1025 3287 1168 3362 quotics·

152 3391 280 3452 cunque
298 3373 439 3451 potuerit
462 3370 586 3431 dictum
602 3369 675 3440 dici,
690 3388 825 3430 necesse
849 3366 1031 3428 habeamus
1045 3366 1167 3432 dicere.
1203 3384 1204 3475 p

152 3455 295 3519 Pusillus
310 3457 402 3516 testis
417 3446 598 3536 processit'
629 3451 724 3525 Licet,
739 3453 853 3531 inquit,
867 3452 1007 3532 rogare?
1044 3450 1167 3535 Philip
1203 3486 1204 3491 κ

152 3560 223 3621 pus.
267 3539 353 3600 Tum
367 3540 521 3618 quaesitor
534 3556 721 3620 properans,
733 3534 830 3597 Modo
844 3536 984 3596 breviter.
1022 3534 1087 3598 Hic
1102 3538 1169 3612 ille,

153 3622 228 3686 Non
242 3622 423 3683 accusabis:
439 3620 647 3704 perpusillum
658 3620 783 3703 rogabo.
826 3619 985 3682 Ridicule.
1030 3619 1096 3682 Sed
1119 3641 1168 3685 se-

152 3706 253 3768 debat
263 3705 365 3784 judex
381 3705 417 3767 1..
434 3705 581 3776 Aurifex,
596 3705 727 3766 brevior
749 3705 819 3785 ipse
843 3704 941 3784 quam
962 3705 1077 3766 testis:
1100 3726 1169 3770 om·

59 3830 65 3845 .
152 3791 204 3851 nis
226 3798 276 3851 est
301 3789 385 3850 risus
407 3790 442 3851 in
460 3788 606 3866 judicem
629 3807 824 3850 conversus:
846 3787 963 3850 Visum
987 3797 1039 3850 est
1060 3797 1170 3855 totum

797 3926 956 4071 st.
