2434 4286
126 371 186 446 θῶ
386 401 427 444 nu
445 400 589 443 onerose
610 385 706 443 nune·
720 398 883 442 omnbus.

126 560 357 634 gumentorum
372 549 503 632 copiam
521 556 720 626 suggerunt:
743 549 829 628 qnod
843 551 975 612 etiamsi
990 551 1032 613 ad
1054 552 1148 616 insti·

125 637 263 701 tuendos
286 634 545 697 adolescentulos
566 632 674 711 magis
695 642 810 713 aptum
832 643 891 707 est,
914 645 959 707 ut,
982 637 1080 700 simul
1106 658 1153 702 ao

125 724 236 805 posita
249 724 291 783 sit
313 739 425 791 causa,
440 717 596 790 habeant,
610 718 675 797 qud
697 736 732 777 se
755 717 910 792 referant,
925 720 1010 782 unde
1033 725 1149 785 statim

126 808 281 889 expedita
295 806 421 885 possint
437 813 635 881 argumenta
649 801 839 883 depromere
853 825 862 875 3
885 814 997 866 tamen
1012 815 1045 867 et
1058 808 1148 870 tardi

126 893 250 971 ingenii
265 899 326 962 est,
339 889 462 953 rivulos
476 888 668 957 consectari,
683 888 789 949 fontes
803 907 914 950 rerum
933 908 999 951 non
1013 889 1126 954 videre
1140 910 1157 966 ς·

78 1026 83 1037 .
128 987 161 1040 et
171 978 244 1056 jam
259 975 369 1038 aetatis
384 981 433 1036 est
448 974 589 1052 ustisque
605 973 717 1043 nostri,
729 992 750 1033 a
765 974 883 1053 capite,
895 974 981 1054 quod
996 976 1150 1051 velimus,

128 1080 304 1132 arcessere,
319 1069 361 1133 et,
376 1058 463 1120 unde
479 1059 590 1119 omnia
605 1065 750 1129 manent,
764 1057 886 1118 videre,
907 1060 911 1069 ’

169 1144 214 1208 Et
226 1146 367 1225 primum
380 1163 484 1222 genus
496 1142 575 1205 illud
588 1161 702 1203 earum
713 1160 916 1222 rerumquae
927 1141 970 1204 ad
981 1152 1150 1209 oratorem

128 1229 328 1301 deferuntur,
343 1228 540 1290 meditatum
554 1226 647 1288 nobis
672 1228 705 1287 in
729 1237 935 1308 perpetuum,
951 1228 994 1290 ad
1015 1246 1150 1293 omnem

127 1335 225 1377 usum
248 1313 405 1377 similium
429 1332 546 1384 rerum,
562 1331 633 1372 esse
657 1309 815 1372 debebit..
842 1310 932 1374 Nam
952 1333 1011 1393 pro
1026 1313 1152 1378 tabulis

128 1410 162 1462 et
185 1412 300 1461 contra
320 1397 473 1469 tabulas3
502 1417 561 1477 pro
583 1394 722 1457 testibus
744 1405 778 1457 et
795 1405 915 1458 contra
939 1408 1059 1470 testes;
1088 1420 1151 1480 pro

128 1484 361 1565 quaestionibus
382 1490 415 1544 et
430 1492 546 1544 contra
567 1481 795 1561 questiones,
805 1491 839 1541 et
861 1481 941 1543 item
956 1482 995 1545 de
1019 1487 1151 1547 caeteris

128 1570 226 1632 rebus
241 1567 388 1648 eJusdem
404 1568 544 1645 generis,
558 1565 612 1626 vel
633 1566 812 1645 separatim
826 1565 935 1627 dicere
951 1567 1092 1630 solemus
1107 1569 1151 1632 de

129 1674 248 1733 genere
264 1654 427 1724 universo,
444 1653 496 1713 vel
512 1650 645 1712 definite
660 1649 700 1710 de
716 1650 854 1727 singulis
868 1650 1078 1731 temporibus,
1093 1653 1150 1716 ho·

128 1740 280 1809 minibus,
295 1737 423 1799 causis:
446 1756 526 1815 quos
540 1733 672 1816 quidem
692 1734 780 1795 locos
796 1734 902 1815 (vobis
917 1735 988 1808 hoc,
1003 1734 1101 1799 Cotta
1115 1748 1153 1801 et

129 1824 265 1904 Sulpici,
280 1820 367 1898 dico)
386 1819 489 1882 multi
512 1820 788 1882 commentatione
811 1827 909 1901 atque
933 1819 1151 1885 meditatione

128 1917 264 1991 paratos
280 1917 380 1986 atque
404 1906 573 1985 expeditos
597 1903 719 1965 habere
744 1902 879 1965 debetis
925 1904 1075 1984 Longum
1099 1918 1151 1971 est

129 1995 217 2054 enim
232 2010 319 2053 nunc
334 2010 388 2051 me
404 1991 580 2070 explicare,
591 1988 656 2069 qua
669 1989 796 2049 ratione
808 1998 868 2050 aut
883 1989 1076 2052 confirmare
1090 2004 1152 2055 aut

128 2078 296 2139 infirmare
321 2084 432 2146 testes,
457 2074 600 2146 tabulas,
625 2073 829 2152 quaestiones
855 2082 1015 2154 oporteat.
1066 2075 1151 2140 Haec

129 2172 205 2222 sunt
220 2161 333 2222 omnia
356 2159 481 2238 ingenii
496 2160 549 2219 vel
572 2158 754 2229 mediocris
770 2160 1013 2220 exercitationis
1035 2168 1153 2224 autem
1179 2152 1184 2161 ’

61 2248 65 2253 ’
129 2246 300 2307 maximae:
324 2253 431 2305 artem
445 2241 585 2321 quidem,
607 2251 640 2303 et
663 2251 830 2323 precepta
853 2242 1014 2306 duntaxat
1037 2243 1152 2308 hacte-

128 2349 190 2390 nus
219 2330 397 2409 requirunt,
426 2337 464 2389 ut
492 2330 589 2389 certis
618 2325 748 2388 dicendi
776 2327 954 2389 luminibus
983 2341 1151 2393 ornentur.

128 2412 275 2493 Itemque
291 2414 359 2485 illa,
371 2432 443 2493 quae
459 2421 534 2473 sunt
546 2412 683 2473 alterius
698 2412 838 2489 generis
849 2432 922 2491 quae
937 2421 1007 2474 tota
1019 2414 1062 2476 ab
1078 2432 1153 2478 ora·

128 2507 199 2561 tore
225 2499 408 2579 pariuntur,
431 2498 707 2575 excogitationem
732 2515 795 2557 non
823 2495 948 2558 habent
971 2496 1151 2565 difficilem.

129 2583 382 2664 explicationem
394 2581 500 2661 magis
511 2582 671 2643 illustrem
680 2580 941 2662 perpolitamque
951 2581 1150 2647 desiderant.

128 2667 254 2748 Itaque,
269 2668 344 2730 cirm
359 2667 429 2729 haec
444 2667 509 2728 duo
523 2665 617 2727 nobis
632 2663 808 2745 quaerenda
822 2668 887 2729 sint
902 2666 937 2727 in
952 2669 1070 2739 causis,
1085 2672 1151 2750 pri·

128 2754 219 2814 mum
234 2751 321 2831 quid,
332 2751 449 2815 deinde
465 2749 814 2831 quomodo,dr'camus;
834 2751 985 2823 alterum,
1000 2753 1086 2835 quod
1100 2764 1150 2815 to·

128 2845 199 2898 turn
215 2846 287 2898 arte
302 2838 441 2898 tinctum
457 2835 596 2907 videtur,
611 2835 744 2895 tametsi
759 2842 865 2896 artem
880 2837 1025 2916 requirit,
1034 2846 1152 2902 tamen

128 2921 311 3001 prudentiae
322 2930 372 2981 est
382 2922 477 3002 paene
490 2920 671 2989 mediocris
679 2918 761 2997 quid
769 2919 943 2981 dicendum
954 2923 1006 2993 sit,
1018 2921 1152 2985 viderer

128 3006 269 3066 alterum
286 3014 344 3077 est,
355 3006 389 3066 in
404 3025 468 3086 quo
483 3005 621 3067 oratoris
633 3005 683 3066 vis
698 3002 757 3064 illa
768 3004 890 3076 divina,
901 3006 1071 3085 virtusque
1081 3027 1152 3069 cer·

127 3091 226 3162 nitur,
249 3109 300 3161 ea,
322 3109 395 3170 quae
421 3089 561 3152 dicenda
584 3096 669 3161 sunt,
691 3089 815 3162 ornate,
831 3090 969 3172 copiose,
993 3091 1153 3172 vaneque

127 3174 246 3236 dicere.

152 3257 319 3322 ,XXVlll
351 3259 465 3335 Quare
490 3259 584 3321 illam
609 3265 738 3340 partem
762 3260 972 3340 superiorem,
994 3261 1154 3338 quoniam

129 3344 232 3406 semel
247 3345 296 3406 ita
311 3344 405 3407 vobis
426 3343 563 3426 placuit,
577 3362 643 3405 non
658 3342 818 3405 recusabo
833 3343 898 3424 qud
912 3344 1019 3406 minus
1035 3364 1152 3427 perpo·
1183 3346 1196 3357 ‘

129 3429 209 3492 liam
225 3440 324 3509 atque
341 3429 534 3490 conficiam:
560 3426 733 3508 (quantum
749 3448 938 3508 consequar,
950 3446 1009 3489 vos
1019 3427 1151 3507 judica·

128 3513 207 3577 bitis
217 3514 239 3592 z)
264 3513 382 3594 quibus
396 3533 438 3574 ex
459 3512 540 3574 locis
554 3512 597 3574 ad
612 3532 670 3574 eas
684 3520 751 3574 tres
766 3532 828 3585 res,
843 3533 915 3593 quae
931 3512 973 3574 ad
988 3512 1087 3575 fidem
1102 3513 1152 3576 sa·

130 3597 283 3661 ciendam
297 3597 375 3659 solae
396 3598 518 3669 valent,
533 3596 675 3659 ducatur
697 3599 812 3670 oratio,
827 3608 863 3659 ut
878 3607 911 3659 et
935 3599 1153 3662 concilientur

130 3684 243 3754 animi,
265 3691 299 3743 et
320 3681 510 3754 doceantur,
531 3691 566 3744 et
589 3691 794 3744 moveantur.
840 3678 937 3762 [Haec
960 3692 1036 3744 sunt
1061 3684 1152 3746 enim

130 3767 197 3827 tria
211 3785 347 3828 numero
357 3766 382 3849 z]
405 3787 448 3829 ea
462 3765 542 3827 vero
555 3765 831 3847 quemadmodum
845 3767 1058 3841 illustrentur,
1068 3786 1152 3850 prae·
1207 3840 1208 3857 χ

130 3858 183 3913 sto
195 3852 327 3930 estqui
341 3870 455 3914 omnes
468 3851 585 3914 docere
601 3851 712 3932 possit,
727 3851 784 3931 qui
805 3851 867 3915 hoc
881 3853 1007 3934 primus
1028 3853 1063 3916 in
1077 3872 1152 3918 nos·
1207 3900 1208 3925 ,
