2452 4290
376 435 418 477 ua
439 434 580 478 onerose
600 436 689 478 amaa
709 437 828 481 curuos.
1071 425 1110 484 15

80 583 291 646 stituendam
307 601 379 645 rem
402 582 580 664 publicam,
594 603 673 645 num
695 584 779 663 quod
802 586 995 665 eloquentiae
1011 587 1109 650 vesti·

80 670 172 746 glum
188 678 339 749 apparet
349 665 392 735 lt<
407 665 519 742 Quid?
543 670 668 728 exactis
685 669 827 745 regibus,
844 670 988 750 (tametsi
1003 673 1109 751 ipsam

5 748 6 757 ’
81 754 298 815 exactionem
314 761 436 823 mente,
451 771 516 812 non
537 752 657 828 lingui.
672 752 853 832 perfectam
876 754 913 817 L.
929 754 1022 817 Bruti
1037 775 1139 843 esse·

81 835 267 915 cernimus)
281 835 340 896 sed
354 836 510 916 deinceps
525 838 645 904 omnia,
657 856 764 897 nonne
779 838 878 917 plena
893 840 1109 913 consiliorum,

81 921 198 983 inania
214 921 408 992 verborum,
422 917 595 981 videmus?
639 918 713 997 Ego
727 921 806 982 vero
828 923 856 982 si
872 923 972 984 velim
990 934 1023 985 et
1037 943 1108 985 nos·

81 1014 140 1066 trae
152 1006 308 1067 civitatis
324 1004 483 1084 exemplis
493 1004 553 1075 uti,
564 1013 597 1064 et
613 1005 763 1078 aliarum,
774 1005 871 1085 plura
882 1005 1025 1088 proferre
1038 1028 1108 1088 pos·

82 1090 143 1149 sim
169 1089 378 1151 detrimenta
404 1088 544 1169 publicis
570 1087 676 1157 rebus,
701 1091 798 1168 quam
824 1090 1025 1169 adjumenta,
1051 1112 1110 1172 per

82 1171 235 1235 homines
252 1173 535 1252 eloquentissimos
546 1173 741 1252 importata:
764 1173 831 1243 sed,
841 1185 878 1236 ut
889 1176 1017 1255 reliqua
1028 1195 1109 1257 prar-

82 1259 281 1328 termittam,
296 1257 444 1317 omnium
464 1255 544 1317 mihi
566 1255 686 1328 videor,
701 1260 855 1337 exceptis
873 1258 1001 1331 Crasse,
1019 1260 1109 1322 vobis

83 1338 223 1413 duobua
242 1340 528 1419 eloquentissimos
550 1339 680 1401 audisse
702 1340 753 1402 Ti.
777 1350 810 1402 et
831 1341 867 1402 O.
891 1342 1109 1424 Sempronios,

83 1444 226 1503 quorum
250 1432 357 1504 pater,
374 1422 472 1485 homo
493 1422 635 1504 prudens
657 1433 691 1484 et
713 1426 835 1501 gravis,
857 1425 1109 1506 haudquaquam

84 1510 256 1589 eloquens,
268 1516 303 1571 et
314 1508 402 1588 saepe
414 1508 504 1580 aliis,
515 1518 549 1570 et
562 1507 705 1568 maxime
722 1526 845 1581 censor,
857 1510 956 1570 saluti
968 1511 1014 1571 rei
1029 1511 1109 1591 pub·

5 1648 9 1668 ,
84 1593 157 1656 licae
173 1592 251 1654 suit.
297 1593 406 1672 Atque
422 1593 449 1652 is
463 1612 528 1653 nou
551 1591 708 1653 accurati
723 1590 864 1670 quidam
886 1594 1042 1655 orationis
1057 1616 1108 1657 co-

83 1678 147 1757 pia,
163 1676 224 1739 sed
249 1686 334 1737 nutu
356 1686 455 1755 atque
470 1676 571 1737 verbo
592 1675 761 1736 libertinos
784 1676 817 1736 in
842 1677 986 1739 urbanas
1004 1678 1109 1742 tribus

83 1761 278 1833 transtulit3
301 1759 386 1839 quod
402 1761 463 1821 nisi
479 1758 619 1831 fecisset,
633 1779 703 1821 rem
718 1759 894 1840 publicam,
906 1781 1005 1842 quam
1021 1782 1108 1825 nunc

83 1848 142 1907 vix
157 1856 322 1916 tenemus
333 1846 405 1923 jam
421 1843 477 1904 diu
491 1844 618 1905 nullam
634 1841 840 1906 haberemus.
885 1847 930 1907 At
944 1845 1022 1907 verb
1037 1850 1108 1925 ejus

5 1937 10 1949 '
59 1975 63 1979 ‚
84 1929 146 1991 filii
162 1929 288 2000 diserti,
299 1939 333 1989 et
347 1927 498 1989 omnibus
509 1929 562 1989 vel
578 1938 705 1989 naturae
716 1929 769 1990 vel
785 1928 941 1991 doctrinae
952 1931 1108 2011 praesidiis

85 2013 129 2075 ad
144 2012 323 2074 dicendum
339 2013 458 2091 parati,
470 2013 545 2073 oiim
560 2013 739 2084 civitatem,
750 2013 804 2073 vel
821 2023 959 2094 paterno
974 2016 1108 2077 consilio

86 2096 141 2159 vel
157 2099 259 2158 avitis
275 2097 375 2157 armis
389 2095 661 2169 florentissimam,
673 2098 886 2176 accepissent,
897 2097 959 2159 ista
972 2100 1107 2178 praecla-

86 2183 124 2242 ri
138 2181 384 2259 gubernatrice,
399 2190 436 2242 ut
458 2182 517 2255 ais,
533 2181 716 2253 civitatum,
731 2181 925 2260 eloquentia,
940 2202 1009 2245 rem
1027 2183 1107 2265 pub

87 2264 189 2326 licam
205 2265 457 2346 dissipaverunt.

129 2348 172 2410 X.
203 2346 317 2425 Quid?
350 2350 441 2426 leges
467 2357 605 2421 veteres
630 2369 765 2430 mosque
790 2351 973 2428 majorum3
1004 2348 1106 2429 quidi

88 2434 251 2512 auspicia,
266 2432 385 2513 quibus
407 2443 441 2494 et
462 2453 525 2512 ego
547 2443 580 2495 et
602 2443 648 2505 tu,
670 2434 798 2505 Crasse,
820 2454 895 2495 cum
916 2435 1039 2512 magna
1059 2436 1108 2499 rei

6 2544 10 2563 r
88 2517 231 2597 publicae
246 2518 354 2578 salute
376 2536 577 2598 prasumus3
600 2516 699 2597 quidl
722 2519 896 2595 religiones
914 2526 948 2579 et
963 2520 1107 2581 carimo-

88 2603 172 2672 niae3
195 2598 295 2681 quidi
319 2600 389 2662 haec
407 2602 485 2680 jura
499 2601 621 2674 civilia,
637 2622 710 2682 quae
728 2601 927 2681 jampridem
948 2601 983 2661 in
999 2603 1108 2665 nostri

88 2683 218 2745 familiia
233 2687 302 2746 sine
317 2684 385 2746 ulla
406 2685 601 2764 eloquentia
623 2683 721 2747 laude
740 2692 932 2755 versantur3
954 2703 1033 2746 num
1048 2696 1107 2748 aut

88 2770 230 2830 inventa
242 2777 327 2841 sunt,
342 2777 400 2830 aut
423 2769 564 2847 cognita,
580 2778 638 2830 aut
660 2767 790 2830 omnino
813 2766 856 2828 ab
871 2776 1037 2831 oratorum
1052 2791 1106 2849 ge·

87 2871 168 2914 nere
181 2849 346 2914 tractatai
380 2851 542 2932 Equidem
553 2863 586 2915 et
598 2852 668 2915 Ser.
680 2851 823 2915 Galbam
834 2853 989 2915 memorii
1000 2863 1107 2926 teneo,

87 2935 239 2997 divinum
254 2934 417 2998 hominem
432 2939 466 2997 in
478 2937 625 3009 dicendo,
637 2947 671 2999 et
682 2936 728 3000 M.
743 2935 912 2999 AEmilium
923 2937 1106 3011 Porcinam,

88 3031 122 3081 et
137 3018 175 3080 Ο.
192 3020 298 3101 ipsum
320 3019 514 3092 Carbonem,
529 3041 626 3101 quem
648 3031 686 3084 tu
707 3021 970 3083 adolescentulus
992 3041 1106 3101 percu·
1128 3094 1136 3109 ,
1171 3065 1177 3077 ·

7 3156 9 3166 ,
88 3102 167 3170 listi,
182 3105 334 3181 ignorum
348 3105 468 3182 legum,
482 3103 560 3166 haes'
579 3115 689 3167 antem
712 3107 744 3167 in
762 3107 924 3184 majorum
940 3107 1106 3179 institutis,

89 3187 206 3248 rudem
229 3188 262 3249 in
283 3190 361 3267 jure
384 3189 493 3250 civili.
520 3209 537 3251 e
576 3188 647 3250 haec
670 3200 752 3251 aetas
777 3199 898 3262 nostra,
914 3191 1047 3270 (praeter
1062 3199 1105 3260 te,

89 3269 218 3342 Crasse,
230 3273 285 3350 qui
296 3282 353 3333 tuo
365 3273 471 3351 magis
482 3272 588 3335 studio
600 3274 697 3352 quam
708 3273 837 3353 proprio
848 3292 983 3335 munere
996 3273 1106 3353 aliquo

89 3354 293 3427 disertorum,
304 3358 361 3435 jus
382 3376 404 3416 a
425 3356 518 3418 nobis
539 3358 636 3418 civile
658 3355 811 3435 didicisti)
835 3356 920 3436 quod
942 3357 1106 3419 interdum

89 3438 222 3518 pudeat,
233 3440 318 3517 juris
332 3441 450 3517 ignara
465 3450 522 3501 est.

132 3520 229 3597 Quod
242 3522 319 3584 verb
330 3524 365 3584 in
376 3524 522 3587 extremi
531 3524 687 3595 oratione,
697 3526 790 3602 quasi
801 3533 857 3587 tuo
864 3526 939 3604 jure
952 3525 1105 3596 sumsisti,

8 3604 14 3645 ·'
89 3617 218 3667 oratore
266 3607 309 3681 ‚in
330 3608 437 3669 omnis
460 3608 618 3669 sermonis
641 3607 860 3690 disputatione
885 3606 1104 3688 copiosissime

88 3708 183 3769 posse
292 3679 389 3763 litia,
404 3693 467 3753 nisi
482 3690 534 3752 hle
555 3692 590 3752 in
611 3700 669 3753 tuo
688 3712 789 3769 regno
805 3711 960 3761 essemus,
975 3708 1039 3749 non
1053 3699 1103 3750 tu-

88 3774 220 3845 lissem;
242 3776 415 3854 multisque
437 3795 620 3855 praeessem,
642 3777 698 3852 qui
720 3784 778 3836 aut
800 3774 971 3834 interdicto
993 3783 1104 3832 tecum

9 3874 10 3893 ³
90 3856 331 3930 contenderant,
343 3867 401 3919 aut
412 3869 444 3920 te
457 3878 498 3919 ex
509 3860 584 3935 jure
595 3876 731 3917 manum
743 3862 928 3914 consertum
938 3860 1105 3921 vocarent,
