2452 4290
151 334 193 392 40
433 350 473 391 nn
493 349 634 391 onerosa
655 350 746 391 erasa
766 310 909 391 ramus·

150 498 252 576 signis
265 497 439 578 propalam
454 497 631 568 collocatis,
646 497 703 558 sed
719 495 770 559 his
785 496 935 559 omnibus
949 496 1061 558 multis
1077 517 1179 576 mag·

150 581 320 660 nificisque
335 580 434 643 rebus
456 582 650 644 constructis
672 602 712 642 ac
734 581 928 653 reconditis;
950 582 997 642 sic
1019 580 1123 643 modo
1143 587 1178 643 in

150 666 298 728 oratione
309 664 419 727 Crassi
430 666 563 728 divitias
575 676 674 745 atque
686 674 881 728 ornamenta
892 667 963 744 ejus
973 666 1099 743 ingenii
1114 686 1179 747 per

150 749 302 830 quaedam
317 752 488 812 involucra
502 760 603 830 atque
618 752 846 828 integumenta
861 752 1030 830 perspexi:
1053 749 1116 811 sed
1134 772 1179 813 ea

151 836 226 896 cirrn
241 835 456 915 contemplari
471 831 635 915 cuperem,
647 836 703 896 vix
719 834 920 915 adspiciendi
934 843 1081 915 potestas
1096 833 1177 897 fuit
1218 904 1219 909 ἵ

150 918 201 980 lta
215 937 321 998 neque
336 917 398 980 hoc
413 939 545 1000 possum
568 919 685 991 dicere,
701 938 754 980 me
776 917 908 980 omnino
923 920 1074 996 ignoeare
1091 919 1178 997 quid

150 1003 324 1083 possideat,
338 1023 444 1083 neque
458 1004 556 1084 plane
572 1003 666 1064 nosse
683 1023 723 1064 ac
735 1003 865 1064 vidisse.
882 1002 999 1078 <Quin
1014 1011 1051 1063 tu
1065 1003 1178 1081 igitur

150 1086 234 1148 facis
248 1085 344 1160 idern,
359 1088 465 1167 inquit
487 1086 647 1160 Scaevola,
663 1086 748 1167 quod
769 1086 907 1157 faceres,
921 1088 949 1148 si
971 1088 1005 1147 in
1020 1087 1177 1167 aliquam

150 1170 283 1232 domum
297 1172 431 1252 plenam
446 1181 722 1243 ornamentorum,
736 1172 903 1243 villamve,
918 1170 1086 1232 venisses?
1137 1172 1176 1235 si

150 1275 192 1316 ea
207 1257 351 1337 seposita
367 1257 416 1337 (ut
438 1254 532 1335 dicis)
550 1264 667 1327 essent,
682 1265 782 1335 tuque
798 1255 895 1316 valde
918 1254 1091 1336 spectandi
1114 1276 1174 1319 cu·
1219 1272 1220 1337 l

149 1340 246 1420 pidus
260 1360 368 1413 esses;
390 1360 456 1403 non
471 1339 640 1402 dubitares
655 1358 771 1418 rogare
786 1339 962 1412 dominum,
979 1349 1014 1402 ut
1028 1339 1175 1420 proferri
1219 1348 1220 1417 s

151 1425 293 1503 juberet,
316 1426 498 1507 praesertim
520 1425 548 1485 si
574 1443 662 1487 esses
684 1424 874 1485 familiaris:
904 1424 1054 1485 similiter
1079 1445 1173 1487 nunc
1219 1426 1220 1477 l

149 1519 242 1590 petes
257 1529 279 1570 a
294 1508 421 1581 Crasso,
436 1519 473 1570 ut
495 1528 570 1571 eam
592 1510 722 1589 copiam
737 1518 1002 1570 ornamentorum
1023 1527 1174 1582 suorum,
1219 1560 1220 1571 ,

150 1613 249 1673 quarn
272 1601 494 1655 constructam
517 1612 583 1654 uno
605 1594 638 1653 in
661 1593 740 1665 loeo,
755 1593 849 1671 quasi
871 1611 930 1673 per
943 1601 1174 1667 transennam,

149 1686 385 1758 praetereuntes
400 1678 538 1738 strictim
559 1676 777 1756 adspeximus,
792 1678 826 1738 in
841 1677 949 1739 lucem
963 1675 1121 1757 proferat,
1138 1688 1175 1741 et

150 1781 209 1823 suo
224 1760 365 1841 quidque
381 1762 415 1821 in
431 1761 502 1822 loco
520 1760 668 1822 collocet.
712 1759 786 1839 Ego
800 1760 889 1834 verd,
904 1761 1008 1840 inquit
1023 1759 1135 1834 Cotta,
1152 1783 1176 1824 a

149 1853 183 1906 te
198 1854 284 1926 peto,
299 1844 469 1907 Scaevola:
491 1865 545 1906 me
560 1845 657 1917 enirn,
672 1854 706 1906 et
722 1845 809 1906 hunc
825 1845 1016 1926 Sulpicium,
1031 1846 1176 1927 impedit

150 1929 255 2011 pudor
269 1928 312 1991 ab
328 1928 458 1991 homine
473 1930 620 1990 omnium
641 1931 846 2007 gravissimo,
861 1930 916 2010 qui
938 1949 1042 2007 genus
1056 1929 1174 2009 hujus

150 2014 238 2075 modi
249 2012 479 2095 disputationis
491 2032 620 2093 semper
631 2016 849 2085 contemserit,
860 2013 940 2086 haec,
952 2033 1024 2094 quae
1036 2014 1091 2075 isti
1107 2014 1174 2076 for-

150 2099 237 2163 sitan
251 2117 426 2178 puerorum
447 2098 614 2161 elementa
628 2097 812 2169 videantur,
827 2099 1004 2177 exquirere.
1050 2096 1117 2160 Sed
1134 2109 1172 2161 tu
1221 2156 1222 2163 ,

150 2181 212 2243 hoc
226 2182 319 2245 nobis
334 2182 387 2254 da,
401 2181 574 2253 Scaevola3
597 2191 630 2242 et
651 2182 782 2262 perfice,
797 2192 834 2243 ut
848 2180 985 2244 Crassus
1000 2180 1080 2254 haec,
1096 2203 1173 2263 quae

151 2268 335 2331 coarctavit
349 2276 383 2327 et
399 2267 597 2347 peranguste
612 2267 741 2329 refersit
758 2267 792 2328 in
807 2267 954 2328 oratione
970 2267 1037 2337 sua,
1052 2266 1174 2330 dilatet
1220 2286 1222 2385 p

150 2349 245 2413 uobis
266 2360 365 2429 atque
388 2352 538 2431 explicet.
583 2349 665 2429 Ego,
680 2351 877 2422 mehercule,
899 2351 1003 2430 inquit
1026 2350 1173 2425 Mucius,

151 2444 252 2497 antea
262 2434 372 2497 vestri
381 2435 487 2513 magis
503 2436 564 2497 hoc
577 2437 676 2498 causi
688 2436 850 2506 volebam,
862 2435 960 2514 quarn
975 2436 1057 2496 med.
1103 2435 1137 2497 N
1139 2458 1172 2498 e·

150 2539 214 2598 que
232 2520 321 2580 enim
336 2528 429 2582 tanto
444 2540 541 2600 opere
564 2520 650 2582 hanc
666 2540 688 2580 a
702 2518 821 2581 Crasso
843 2519 1172 2599 disputationemde·

150 2602 346 2677 siderabam,
356 2615 478 2683 quanto
489 2626 586 2686 opere
599 2606 670 2684 ejus
681 2605 715 2666 in
727 2606 835 2665 causis
847 2605 994 2666 oratione
1006 2604 1171 2667 delector:

150 2707 237 2750 nunc
260 2688 347 2761 vero,
370 2689 497 2763 Crasse,
520 2690 592 2751 med
614 2708 741 2769 quoque
764 2689 866 2749 etiarn
889 2688 990 2749 causa
1010 2708 1100 2767 rogo,
1123 2700 1172 2763 ut,
1220 2722 1222 2781 t

150 2774 305 2852 quoniam
328 2784 461 2834 tantum
482 2773 642 2835 habemus
664 2775 730 2845 otii,
745 2781 905 2852 quantum
922 2773 1052 2850 jamdiu
1073 2774 1171 2836 nobis

150 2876 215 2919 non
231 2858 378 2935 contigit,
391 2878 430 2918 ne
446 2859 596 2935 graveris
607 2857 811 2919 exaedificare
827 2857 860 2919 id
875 2877 966 2937 opus,
977 2857 1062 2937 quod
1077 2858 1170 2920 insti·
1220 2862 1222 2867 ’

149 2942 250 3017 tuisti,
295 2940 450 3003 Formam
466 2944 552 3003 enirn
575 2942 675 3004 totius
697 2944 819 3020 negotii
841 2943 993 3022 opinione
1008 2943 1171 3020 majorem

149 3025 382 3103 melioremque
398 3025 513 3097 vide03
536 3046 635 3105 quam
650 3025 863 3088 vehementer
877 3026 986 3105 probe.

192 3107 342 3171 XXXVI.
366 3107 555 3182 Enimvero,
570 3111 674 3189 inquit
696 3109 843 3181 Crassus,
865 3112 978 3172 mirari
1000 3109 1081 3171 satis
1105 3132 1171 3174 non

149 3213 244 3273 queo,
259 3194 361 3255 etiam
375 3202 408 3255 te
423 3193 493 3255 haec
509 3193 669 3265 Scaevola,
684 3194 880 3267 desiderare,
894 3215 967 3275 quae
982 3214 1089 3273 neque
1106 3216 1170 3274 ego
1211 3264 1214 3271 ,

149 3287 255 3352 teneo,
270 3281 318 3340 uti
334 3280 357 3339 ii
371 3281 427 3358 qui
442 3279 580 3351 docent3
603 3299 709 3359 neque
732 3289 808 3357 sunt
830 3281 901 3358 ejus
924 3281 1063 3357 generis,
1078 3291 1127 3353 ut,
1143 3282 1170 3343 si

149 3364 271 3443 optime
286 3373 444 3435 tenerem,
457 3364 557 3443 digna
572 3373 680 3425 essent
695 3364 756 3424 istri
771 3364 934 3443 sapientia
945 3384 985 3424 ac
1001 3365 1066 3424 tuis
1082 3367 1170 3427 auri·

149 3446 219 3508 bus
265 3446 347 3509 Ai'n’
363 3446 422 3508 tul
447 3450 551 3528 inquit
573 3449 638 3509 ille.
683 3446 719 3509 Si
741 3446 781 3507 de
804 3449 876 3508 istis
891 3448 1122 3510 communibus
1137 3461 1170 3512 et

149 3533 341 3611 pervagatis
353 3532 409 3592 vix
423 3531 499 3593 huic
515 3534 605 3593 aetati
617 3531 817 3593 audiendum
833 3541 939 3613 putas,
951 3534 1096 3615 etiamne
1111 3534 1170 3595 illa

149 3616 317 3692 negligere
339 3634 521 3695 possumus
543 3636 616 3694 quae
638 3628 674 3677 tu
696 3618 818 3677 oratori
844 3616 1073 3695 cognoscenda
1096 3639 1168 3680 esse

148 3699 268 3770 dixisti,
283 3698 323 3759 de
346 3700 472 3758 naturis
494 3698 672 3772 hominurn,
690 3701 730 3762 de
752 3701 908 3773 moribus,
922 3700 963 3762 de
985 3701 1170 3764 rationibus

149 3783 189 3844 iis
213 3782 330 3862 quibus
345 3781 512 3845 hominum
529 3789 654 3846 mentes
677 3794 710 3846 et
732 3785 949 3847 incitarentur
964 3793 997 3846 et
1011 3787 1169 3866 reprime·
