2444 4276
459 358 665 400 ηοω-ωε.
690 359 733 399 m.
1045 343 1109 405 243

87 506 155 563 tacit,
167 520 231 569 qaas
249 502 361 568 singalas
378 504 519 553 accuratius
537 503 672 553 examinet.
706 504 745 552 Ea
763 502 976 567 statuimusque
995 503 1109 568 sejuncta

5 590 21 603 ³
87 576 321 634 essenonpossnnt.
355 569 490 617 Verborum
502 571 568 617 enim
580 571 661 617 nullus
671 578 774 619 omatus
787 578 833 625 est,
845 572 864 619 si
881 587 933 619 rem
945 571 1109 627 subtraxeris;

86 653 165 700 nequo
183 652 222 683 res
240 635 331 683 habent
347 633 438 690 lumen,
450 635 469 681 si
488 636 564 684 verba
580 636 717 683 removeris.
752 634 837 692 Quare
855 638 929 683 etiarn
949 635 1065 694 inventio,
1079 637 1110 684 ds

86 708 134 764 quta
146 700 274 749 Antonius
290 700 388 748 locutus
398 706 445 755 est,
457 700 488 748 ab
500 706 596 756 ornatu,
609 700 639 747 de
651 715 699 761 quo
716 700 766 761 ipse
778 716 845 748 nunc
860 702 952 762 loquar,
964 700 1058 763 proprie
1070 716 1109 749 se·

87 767 155 815 cerni
167 781 217 828 non
229 773 316 828 potest.
351 764 514 827 Reperiuntur
524 765 631 827 quidem,
641 774 669 813 ut
680 764 706 812 in
718 764 828 814 sensibus
840 772 864 814 et
877 767 901 814 in
913 767 1004 814 artibus
1013 766 1110 828 reliquis

86 848 121 880 ex.
134 848 172 895 gr.
188 832 214 879 in
225 830 301 893 poesi,
313 829 350 877 ita
360 846 455 892 quoque
472 829 498 879 in
511 832 618 878 oratione
630 837 704 893 atque
716 831 809 894 lingua,
821 830 890 879 varia
907 830 1057 893 praestantiae
1068 847 1109 895 ge·

86 912 155 952 nera,
167 896 248 958 specie
260 897 355 957 quidem
369 894 475 957 disparia
487 903 512 944 et
528 894 658 944 dissimilia
671 897 733 943 iuter
745 911 785 945 se:
803 903 914 945 attamen
932 912 1110 944 summamus·

85 969 221 1023 sequentur
232 961 339 1016 laudem,
348 976 424 1022 quum
432 962 463 1009 ad
476 960 595 1023 cujusque
605 960 719 1021 discipuli
730 960 858 1024 ingenium
867 960 988 1010 institutio
997 960 1110 1018 doctoris,
1157 990 1164 1003 ·

86 1041 135 1089 qno
146 1041 194 1074 sua
204 1041 325 1089 quemque
336 1033 426 1075 natura
436 1027 544 1074 maxime
555 1029 626 1082 ierat,
638 1025 824 1089 diligentissima
839 1027 993 1075 observantis
1010 1041 1110 1076 accom-

85 1092 212 1147 modetur,
224 1092 330 1153 ut,quod
339 1092 393 1140 brec
405 1092 514 1153 patiatur
526 1099 599 1154 atque
611 1091 737 1148 desideret,
746 1090 773 1139 in
785 1107 929 1154 unoquoque
940 1092 1110 1139 conformetur.
1125 1124 1131 1135 .

86 1155 165 1212 Nam,
182 1172 259 1217 quum
275 1173 325 1204 una
342 1157 475 1217 eademque
493 1156 525 1205 sit
541 1156 686 1217 eloquentia,
699 1157 752 1204 sine
771 1156 843 1204 dubio
865 1156 1025 1205 niveniuntur
1041 1163 1110 1205 certa

11 1226 15 1235 '
86 1222 241 1283 quaedamst
258 1220 401 1269 communia
418 1229 549 1282 praccepta,
561 1222 648 1283 quibus
665 1220 890 1270 illa‘diversissima
907 1221 1015 1284 ingenia,
1032 1237 1110 1283 quan·

86 1287 180 1335 tumvts
196 1287 222 1333 in
233 1301 277 1335 sno
289 1301 378 1349 genere
390 1287 521 1343 excellant,
533 1286 640 1344 formari,
653 1293 679 1334 et
696 1288 728 1334 ad
739 1286 801 1335 artis
817 1286 893 1334 finem
910 1287 999 1334 deduci
1016 1288 1111 1334 debent

88 1353 130 1400 Sic
142 1350 217 1399 ethis
228 1350 322 1414 legibus
331 1350 498 1412 unusquisque
508 1359 604 1413 tenetur
612 1357 700 1407 orator,
708 1359 738 1400 at
747 1352 838 1401 Latine
847 1353 898 1401 sice
908 1367 980 1414 parc,
988 1358 1017 1399 ut
1026 1352 1111 1414 place,
1155 1360 1160 1368 ‘

87 1423 116 1464 ut
128 1423 224 1472 ornate,
237 1423 266 1463 ut
277 1415 312 1463 ad
323 1415 358 1472 id,
371 1416 532 1480 quodcunque
545 1424 647 1480 agatur,
660 1425 717 1480 apte
730 1423 939 1481 congruenterque
952 1417 1027 1464 dicat.
1089 1476 1094 1485 .

120 1529 188 1581 Sect.
201 1526 224 1574 6.
249 1527 309 1575 Sive
318 1543 349 1575 ec
362 1526 478 1588 inferiore
491 1527 551 1588 mco]
585 1526 646 1576 Tria
655 1526 778 1590 praecipua
790 1529 845 1577 loca
854 1527 992 1592 distinguit,
1002 1543 1015 1576 s
1025 1527 1113 1591 quibus

5 1670 6 1685 χ
86 1613 168 1661 dicere
180 1613 292 1661 solebant
302 1618 416 1660 oratores
450 1612 480 1661 In
493 1611 629 1661 forensibus
646 1611 826 1670 controversiis,
839 1620 971 1662 accusator
988 1629 1018 1661 ac
1030 1597 1112 1661 desen·

86 1713 126 1747 sor
137 1696 260 1745 subselliis
272 1695 442 1752 considebant,
455 1697 502 1745 hoc
515 1703 562 1754 est,
575 1696 690 1758 inferiori
701 1697 768 1744 loeo:
785 1697 811 1745 in
821 1704 917 1754 senatu,
930 1712 961 1747 ex
978 1710 1047 1760 cqao
1058 1698 1113 1746 loco

86 1782 219 1831 dicebant:
235 1782 387 1844 asaperiore
399 1779 571 1845 magistratus,
583 1780 625 1844 qai
636 1782 669 1829 ad
686 1782 801 1844 populum
819 1796 863 1843 pro
874 1781 972 1830 Rostris
984 1781 1114 1830 conciones

86 1866 222 1915 habebant.
248 1924 253 1934 Ι

120 1951 226 1999 Secti.
251 1949 353 1998 Natura
365 1949 496 2011 callaeci]
531 1948 680 1998 Generalem
691 1948 881 2011 disputationem
893 1949 1021 2012 praemittit
1028 1950 1058 2000 de
1065 1951 1114 2000 elo·
1149 2010 1153 2019 ι

87 2033 657 2099 quantumstoratorumiadieendovarictats.
683 2033 789 2083 Summa
797 2040 880 2083 autem
892 2036 948 2084 bisc
957 2041 1002 2084 est.
1028 2034 1114 2092 Quum

87 2132 142 2171 una*
151 2121 288 2182 eademque
300 2119 333 2168 sit
345 2134 385 2170 ars
396 2118 502 2175 dicendi,
514 2118 684 2167 admirabilem
695 2123 781 2166 tamen
793 2134 846 2167 esse
861 2117 888 2167 in
899 2120 986 2168 eadem
998 2125 1050 2169 arte
1063 2118 1114 2171 dis·

87 2204 284 2263 similitudinem,
296 2219 339 2267 pro
350 2219 378 2253 eo
389 2205 454 2266 quod
473 2203 536 2252 alins
549 2205 596 2251 alio
608 2203 634 2252 in
653 2219 743 2268 genero
754 2204 870 2266 excollit3
886 2206 950 2268 quod
969 2203 1047 2267 primo
1057 2221 1114 2254 sen·

88 2304 165 2339 suum
176 2291 288 2351 exemplo
300 2290 393 2350 probat,
406 2289 448 2349 qui
459 2304 535 2352 quum
546 2289 634 2353 singuli
651 2302 729 2337 unum
742 2287 858 2352 quiddam
869 2288 927 2347 sint,
939 2289 1014 2339 variis
1029 2296 1116 2341 umen

5 2412 6 2417 ,
88 2375 171 2430 rebus,
181 2372 330 2431 afficiuntur,
340 2389 395 2436 qua
407 2380 497 2423 natura
508 2374 626 2436 dispares,
638 2372 802 2422 delectatione
811 2381 874 2423 sunt
881 2389 935 2427 non
942 2375 1025 2425 minus
1036 2373 1114 2425 diver-

87 2473 130 2511 sa.
166 2458 237 2506 Idem
249 2457 274 2506 in
286 2458 396 2522 tingendi
407 2464 433 2506 et
443 2457 559 2522 pingendi
570 2463 622 2506 arte
635 2457 751 2506 declarat
817 2474 824 2479 ·

124 2541 259 2591 Consimili
277 2541 352 2591 laude
370 2543 518 2606 dignentur]
552 2539 651 2592 Diversi
671 2542 771 2600 colores,
788 2542 870 2599 visam
888 2541 1005 2593 ceddam
1022 2558 1115 2593 canora

88 2643 138 2679 vox
150 2627 204 2675 siva
212 2626 295 2691 gravis
305 2628 356 2677 sive
366 2634 564 2690 castagnetum
573 2625 674 2676 acriaet
683 2625 774 2683 dulcia,
783 2625 996 2689 odoratumquam
1005 2627 1115 2691 dispares

88 2713 177 2763 odores
188 2711 288 2773 perinde
299 2713 350 2761 sere
362 2714 496 2761 oblectant.
924 2764 928 2771 ⁸

123 2796 207 2845 Mutis
217 2795 324 2859 artibus]
359 2797 434 2849 Artes
445 2795 515 2860 quasi
526 2803 605 2846 mute
615 2803 672 2845 sunt
681 2795 793 2860 pictoria,
802 2794 933 2853 statuaris,
942 2801 969 2849 et
980 2795 1079 2855 similes,
1087 2795 1114 2846 in

5 2872 8 2891 '
88 2880 178 2945 quibus
189 2881 272 2930 nullas
283 2880 351 2931 vocis
362 2896 494 2944 ususque
505 2882 652 2945 adspectura
663 2881 744 2945 potius
756 2897 832 2944 quam
843 2880 956 2931 auditam
968 2881 1102 2931 delectam.

5 3014 6 3029 ἶ
100 2958 109 2964 ’
124 2966 193 3014 Soet
205 2966 229 3014 9.
252 2964 296 3014 Ad
306 2965 478 3031 nomastipsos]
511 2966 628 3016 Crassum
639 2973 665 3016 et
676 2964 823 3015 Antonium.
848 2950 853 2963 Ι
1155 3022 1159 3028 ,

125 3050 161 3100 Ia
171 3048 274 3112 aliquod
284 3050 599 3117 contentionisjadieiaml
626 3051 663 3099 Ut
671 3029 787 3100 bomines
798 3067 861 3100 cum
869 3051 900 3100 de
907 3049 979 3105 nobis
989 3050 1114 3113 loqraerffl

22 3156 28 3161 ·
89 3142 141 3192 tur,
154 3133 314 3199 ambigerent,
325 3137 550 3201 contenderentque
561 3142 616 3185 ater
626 3135 676 3185 utri
686 3142 819 3203 praestaret.

123 3219 218 3269 Manet
228 3221 277 3268 mei
284 3220 400 3284 penitet]
435 3219 493 3269 Non
504 3220 566 3270 mibi
577 3220 628 3282 ipse
640 3220 773 3269 cataracta.

125 3303 161 3353 Ic
172 3304 206 3352 iis
216 3301 273 3366 sere
285 3305 349 3354 soleo
362 3305 490 3370 perorare]
524 3304 615 3353 Iisdem
627 3310 681 3351 utor
699 3302 725 3352 in
742 3301 902 3365 peroratione
913 3303 1066 3367 argumentis
1082 3303 1115 3357 sd

91 3384 310 3453 amplificationem
321 3396 347 3438 et
358 3389 458 3439 ciendos
469 3395 559 3446 matus,
568 3388 657 3452 quihus
667 3404 723 3439 sum
734 3403 795 3436 usus
803 3386 830 3434 in
841 3388 894 3451 ipss
905 3386 1098 3439 confirmatione·

125 3474 261 3524 Facilitate
269 3475 362 3538 magis]
396 3475 491 3523 Sensus
502 3479 555 3523 est:
570 3487 646 3535 quum
657 3472 764 3521 dicimus
772 3471 849 3521 aliun
857 3478 978 3523 oratorem
988 3470 1116 3521 meliorem

5 3614 8 3637 Ι
91 3574 155 3617 esse,
165 3558 243 3608 alium
254 3560 404 3633 deteriorem,
416 3574 445 3607 eo
453 3556 547 3622 judicio
557 3556 859 3621 nonsssnilisamusillius
868 3557 978 3613 oratoris,
986 3571 1067 3621 genus
1079 3554 1115 3605 di.
1170 3543 1172 3547 ¹

92 3645 165 3697 cendi
181 3643 263 3708 potius
275 3659 412 3707 essequam
423 3641 555 3706 btrjas30in
567 3640 660 3705 dispari
675 3642 751 3691 alam
761 3652 851 3706 genae
862 3644 964 3703 possum
973 3655 1027 3687 esse
1044 3654 1114 3702 usqae

91 3727 242 3781 laudabiles:
258 3731 303 3779 sed
314 3728 543 3794 intelligirolumus
552 3728 623 3776 illurn
633 3733 755 3781 amtorem
760 3727 882 3787 §eahta
893 3725 1021 3781 exacuere,
1029 3722 1055 3773 id
1065 3729 1123 3785 sap,-

91 3816 148 3881 plus
159 3815 187 3865 in
197 3802 247 3867 sao
254 3829 351 3879 amere,
364 3814 446 3879 valere¹
456 3827 533 3876 quam
542 3813 611 3862 bunc
620 3810 648 3862 in
659 3828 690 3877 eq
700 3811 764 3874 quod
774 3809 822 3860 sibl
831 3809 957 3873 propriam
969 3808 1053 3856 babet.
1113 3856 1117 3867 ,
