<?xml version="1.0" encoding="UTF-8"?>
<!DOCTYPE html PUBLIC "-//W3C//DTD XHTML 1.0 Transitional//EN"
    "http://www.w3.org/TR/xhtml1/DTD/xhtml1-transitional.dtd">
<html xmlns="http://www.w3.org/1999/xhtml" xml:lang="en" lang="en">
 <head>
  <title>
</title>
<meta http-equiv="Content-Type" content="text/html;charset=utf-8" />
  <meta name='ocr-system' content='tesseract 3.04.00' />
  <meta name='ocr-capabilities' content='ocr_page ocr_carea ocr_par ocr_line ocrx_word'/>
</head>
<body>
  <div class='ocr_page' id='page_1' title='image "./mtulliiciceroni00kinggoog_0024.png"; bbox 0 0 2452 4290; ppageno 0'>
   <div class='ocr_carea' id='block_1_1' title="bbox 135 434 1224 2188">
    <p class='ocr_par' dir='ltr' id='par_1_1' title="bbox 137 434 1022 519">
     <span class='ocr_line' id='line_1_1' title="bbox 137 434 1022 519; baseline 0 -28"><span class='ocrx_word' id='word_1_1' title='bbox 137 434 178 492; x_wconf 85' lang='lat' dir='ltr'>lc</span> <span class='ocrx_word' id='word_1_2' title='bbox 413 446 453 490; x_wconf 79' lang='lat' dir='ltr'>na</span> <span class='ocrx_word' id='word_1_3' title='bbox 473 447 616 488; x_wconf 70' lang='lat' dir='ltr'>carrona</span> <span class='ocrx_word' id='word_1_4' title='bbox 638 446 726 488; x_wconf 77' lang='lat' dir='ltr'>uranu</span> <span class='ocrx_word' id='word_1_5' title='bbox 747 444 867 490; x_wconf 67' lang='lat' dir='ltr'>paruus.</span> <span class='ocrx_word' id='word_1_6' title='bbox 888 484 896 491; x_wconf 91' lang='lat'><strong><em>.</em></strong></span> <span class='ocrx_word' id='word_1_7' title='bbox 918 482 928 519; x_wconf 57' lang='grc' dir='ltr'><em>Ι</em></span> <span class='ocrx_word' id='word_1_8' title='bbox 1012 464 1022 499; x_wconf 59' lang='lat' dir='ltr'><em>f</em></span> 
     </span>
    </p>

    <p class='ocr_par' dir='ltr' id='par_1_2' title="bbox 135 486 1224 2188">
     <span class='ocr_line' id='line_1_2' title="bbox 716 486 1192 588; baseline -0.021 1"><span class='ocrx_word' id='word_1_9' title='bbox 716 494 877 588; x_wconf 65' lang='lat' dir='ltr'>asold·</span> <span class='ocrx_word' id='word_1_10' title='bbox 910 486 1192 579; x_wconf 53' lang='lat' dir='ltr'>l·‘!&#39;12‘&#39;·04-</span> 
     </span>
     <span class='ocr_line' id='line_1_3' title="bbox 135 572 1156 681; baseline 0.003 -26"><span class='ocrx_word' id='word_1_11' title='bbox 135 594 220 676; x_wconf 81' lang='lat' dir='ltr'>quod</span> <span class='ocrx_word' id='word_1_12' title='bbox 234 595 268 656; x_wconf 90' lang='lat' dir='ltr'>in</span> <span class='ocrx_word' id='word_1_13' title='bbox 281 595 407 656; x_wconf 87' lang='lat' dir='ltr'>alienas</span> <span class='ocrx_word' id='word_1_14' title='bbox 417 595 636 674; x_wconf 88' lang='lat' dir='ltr'>possessiones</span> <span class='ocrx_word' id='word_1_15' title='bbox 646 590 715 656; x_wconf 90' lang='lat' dir='ltr'>tam</span> <span class='ocrx_word' id='word_1_16' title='bbox 727 572 1018 681; x_wconf 56' lang='lat' dir='ltr'>temerqlrruisses.</span> <span class='ocrx_word' id='word_1_17' title='bbox 1049 595 1156 675; x_wconf 65' lang='lat' dir='ltr'>Age·</span> 
     </span>
     <span class='ocr_line' id='line_1_4' title="bbox 135 678 1155 760; baseline 0.003 -20"><span class='ocrx_word' id='word_1_18' title='bbox 135 689 207 741; x_wconf 89' lang='lat' dir='ltr'>rent</span> <span class='ocrx_word' id='word_1_19' title='bbox 222 681 308 740; x_wconf 90' lang='lat' dir='ltr'>enim</span> <span class='ocrx_word' id='word_1_20' title='bbox 324 688 435 740; x_wconf 91' lang='lat' dir='ltr'>tecum</span> <span class='ocrx_word' id='word_1_21' title='bbox 450 679 522 758; x_wconf 85' lang='lat' dir='ltr'>lege</span> <span class='ocrx_word' id='word_1_22' title='bbox 546 680 685 759; x_wconf 84' lang='lat' dir='ltr'>primhm</span> <span class='ocrx_word' id='word_1_23' title='bbox 707 678 905 760; x_wconf 75' lang='lat' dir='ltr'><strong>Pythagorei</strong></span> <span class='ocrx_word' id='word_1_24' title='bbox 919 699 1033 741; x_wconf 89' lang='lat' dir='ltr'>omnes</span> <span class='ocrx_word' id='word_1_25' title='bbox 1049 691 1155 760; x_wconf 86' lang='lat' dir='ltr'>atque</span> 
     </span>
     <span class='ocr_line' id='line_1_5' title="bbox 135 763 1156 843; baseline 0.001 -17"><span class='ocrx_word' id='word_1_26' title='bbox 135 763 365 833; x_wconf 89' lang='lat' dir='ltr'>Democritici;</span> <span class='ocrx_word' id='word_1_27' title='bbox 391 766 575 842; x_wconf 84' lang='lat' dir='ltr'>caeterique,</span> <span class='ocrx_word' id='word_1_28' title='bbox 594 765 669 842; x_wconf 91' lang='lat' dir='ltr'>jure</span> <span class='ocrx_word' id='word_1_29' title='bbox 695 782 763 834; x_wconf 91' lang='lat' dir='ltr'>suo,</span> <span class='ocrx_word' id='word_1_30' title='bbox 787 763 913 843; x_wconf 85' lang='lat' dir='ltr'>physici</span> <span class='ocrx_word' id='word_1_31' title='bbox 936 763 1156 837; x_wconf 85' lang='lat' dir='ltr'>vindicarent,</span> 
     </span>
     <span class='ocr_line' id='line_1_6' title="bbox 135 845 1156 928; baseline 0.001 -19"><span class='ocrx_word' id='word_1_32' title='bbox 135 850 241 909; x_wconf 84' lang='lat' dir='ltr'>ornati</span> <span class='ocrx_word' id='word_1_33' title='bbox 252 846 398 908; x_wconf 89' lang='lat' dir='ltr'>homines</span> <span class='ocrx_word' id='word_1_34' title='bbox 410 849 444 907; x_wconf 92' lang='lat' dir='ltr'>in</span> <span class='ocrx_word' id='word_1_35' title='bbox 455 845 591 909; x_wconf 91' lang='lat' dir='ltr'>dicendo</span> <span class='ocrx_word' id='word_1_36' title='bbox 602 855 635 909; x_wconf 91' lang='lat' dir='ltr'>et</span> <span class='ocrx_word' id='word_1_37' title='bbox 647 866 775 924; x_wconf 73' lang='lat' dir='ltr'>graves</span> <span class='ocrx_word' id='word_1_38' title='bbox 786 848 978 926; x_wconf 83' lang='lat' dir='ltr'><strong>quibuscum</strong></span> <span class='ocrx_word' id='word_1_39' title='bbox 990 848 1048 909; x_wconf 90' lang='lat' dir='ltr'>tibi</span> <span class='ocrx_word' id='word_1_40' title='bbox 1059 851 1156 928; x_wconf 91' lang='lat' dir='ltr'>justo</span> 
     </span>
     <span class='ocr_line' id='line_1_7' title="bbox 136 930 1224 1011; baseline 0.002 -18"><span class='ocrx_word' id='word_1_41' title='bbox 136 941 342 993; x_wconf 87' lang='lat' dir='ltr'>sacramento</span> <span class='ocrx_word' id='word_1_42' title='bbox 357 933 553 994; x_wconf 84' lang='lat' dir='ltr'>contendere</span> <span class='ocrx_word' id='word_1_43' title='bbox 569 951 633 992; x_wconf 92' lang='lat' dir='ltr'>non</span> <span class='ocrx_word' id='word_1_44' title='bbox 647 932 770 992; x_wconf 90' lang='lat' dir='ltr'>liceret.</span> <span class='ocrx_word' id='word_1_45' title='bbox 815 930 976 1009; x_wconf 85' lang='lat' dir='ltr'>Urgerent</span> <span class='ocrx_word' id='word_1_46' title='bbox 990 945 1157 1011; x_wconf 86' lang='lat' dir='ltr'>praeterea</span> <span class='ocrx_word' id='word_1_47' title='bbox 1223 1002 1224 1009; x_wconf 45' lang='lat'>,</span> 
     </span>
     <span class='ocr_line' id='line_1_8' title="bbox 135 1012 1154 1096; baseline 0.001 -19"><span class='ocrx_word' id='word_1_48' title='bbox 135 1015 400 1096; x_wconf 86' lang='lat' dir='ltr'>philosophorum</span> <span class='ocrx_word' id='word_1_49' title='bbox 425 1036 550 1094; x_wconf 85' lang='lat' dir='ltr'>greges,</span> <span class='ocrx_word' id='word_1_50' title='bbox 561 1017 633 1094; x_wconf 86' lang='lat' dir='ltr'>jam</span> <span class='ocrx_word' id='word_1_51' title='bbox 656 1015 777 1076; x_wconf 89' lang='lat' dir='ltr'>abillo</span> <span class='ocrx_word' id='word_1_52' title='bbox 801 1012 890 1076; x_wconf 85' lang='lat' dir='ltr'>fonte</span> <span class='ocrx_word' id='word_1_53' title='bbox 914 1025 947 1076; x_wconf 91' lang='lat' dir='ltr'>et</span> <span class='ocrx_word' id='word_1_54' title='bbox 966 1017 1075 1096; x_wconf 86' lang='lat' dir='ltr'>capite</span> <span class='ocrx_word' id='word_1_55' title='bbox 1091 1016 1154 1078; x_wconf 86' lang='lat' dir='ltr'>So-</span> 
     </span>
     <span class='ocr_line' id='line_1_9' title="bbox 136 1098 1155 1171; baseline 0.003 -11"><span class='ocrx_word' id='word_1_56' title='bbox 136 1110 236 1170; x_wconf 83' lang='lat' dir='ltr'>crate,</span> <span class='ocrx_word' id='word_1_57' title='bbox 248 1099 328 1161; x_wconf 90' lang='lat' dir='ltr'>nihil</span> <span class='ocrx_word' id='word_1_58' title='bbox 339 1109 372 1160; x_wconf 90' lang='lat' dir='ltr'>tc</span> <span class='ocrx_word' id='word_1_59' title='bbox 388 1099 427 1161; x_wconf 91' lang='lat' dir='ltr'>de</span> <span class='ocrx_word' id='word_1_60' title='bbox 443 1100 535 1161; x_wconf 91' lang='lat' dir='ltr'>bonis</span> <span class='ocrx_word' id='word_1_61' title='bbox 551 1099 648 1160; x_wconf 88' lang='lat' dir='ltr'>rebus</span> <span class='ocrx_word' id='word_1_62' title='bbox 662 1100 697 1159; x_wconf 92' lang='lat' dir='ltr'>in</span> <span class='ocrx_word' id='word_1_63' title='bbox 712 1100 789 1170; x_wconf 78' lang='lat' dir='ltr'>vita,</span> <span class='ocrx_word' id='word_1_64' title='bbox 800 1098 880 1159; x_wconf 92' lang='lat' dir='ltr'>nihil</span> <span class='ocrx_word' id='word_1_65' title='bbox 895 1098 935 1159; x_wconf 91' lang='lat' dir='ltr'>de</span> <span class='ocrx_word' id='word_1_66' title='bbox 950 1101 1057 1171; x_wconf 87' lang='lat' dir='ltr'>malis,</span> <span class='ocrx_word' id='word_1_67' title='bbox 1069 1101 1155 1164; x_wconf 92' lang='lat' dir='ltr'>nihil</span> 
     </span>
     <span class='ocr_line' id='line_1_10' title="bbox 136 1182 1156 1263; baseline 0.004 -19"><span class='ocrx_word' id='word_1_68' title='bbox 136 1183 176 1244; x_wconf 88' lang='lat' dir='ltr'>dc</span> <span class='ocrx_word' id='word_1_69' title='bbox 192 1183 294 1244; x_wconf 89' lang='lat' dir='ltr'>animi</span> <span class='ocrx_word' id='word_1_70' title='bbox 305 1182 570 1263; x_wconf 90' lang='lat' dir='ltr'>permotionibus,</span> <span class='ocrx_word' id='word_1_71' title='bbox 581 1182 660 1243; x_wconf 90' lang='lat' dir='ltr'>nihil</span> <span class='ocrx_word' id='word_1_72' title='bbox 671 1182 711 1243; x_wconf 90' lang='lat' dir='ltr'>de</span> <span class='ocrx_word' id='word_1_73' title='bbox 724 1182 891 1243; x_wconf 89' lang='lat' dir='ltr'>hominum</span> <span class='ocrx_word' id='word_1_74' title='bbox 905 1183 1057 1258; x_wconf 75' lang='lat' dir='ltr'>moribus</span> <span class='ocrx_word' id='word_1_75' title='bbox 1069 1187 1156 1248; x_wconf 90' lang='lat' dir='ltr'>nihil</span> 
     </span>
     <span class='ocr_line' id='line_1_11' title="bbox 136 1266 1155 1346; baseline 0.003 -18"><span class='ocrx_word' id='word_1_76' title='bbox 136 1267 176 1328; x_wconf 91' lang='lat' dir='ltr'>de</span> <span class='ocrx_word' id='word_1_77' title='bbox 200 1269 326 1330; x_wconf 88' lang='lat' dir='ltr'>ratione</span> <span class='ocrx_word' id='word_1_78' title='bbox 351 1269 429 1328; x_wconf 83' lang='lat' dir='ltr'>vitae</span> <span class='ocrx_word' id='word_1_79' title='bbox 451 1266 612 1338; x_wconf 83' lang='lat' dir='ltr'>didicisse,</span> <span class='ocrx_word' id='word_1_80' title='bbox 627 1267 708 1328; x_wconf 91' lang='lat' dir='ltr'>nihil</span> <span class='ocrx_word' id='word_1_81' title='bbox 730 1267 861 1328; x_wconf 80' lang='lat' dir='ltr'>omnino</span> <span class='ocrx_word' id='word_1_82' title='bbox 884 1267 1046 1346; x_wconf 70' lang='lat' dir='ltr'>quesisse,</span> <span class='ocrx_word' id='word_1_83' title='bbox 1069 1269 1155 1332; x_wconf 90' lang='lat' dir='ltr'>nihil</span> 
     </span>
     <span class='ocr_line' id='line_1_12' title="bbox 137 1352 1224 1432; baseline 0.007 -21"><span class='ocrx_word' id='word_1_84' title='bbox 137 1353 220 1412; x_wconf 89' lang='lat' dir='ltr'>scire</span> <span class='ocrx_word' id='word_1_85' title='bbox 236 1353 486 1413; x_wconf 79' lang='lat' dir='ltr'>convincerent:</span> <span class='ocrx_word' id='word_1_86' title='bbox 510 1361 543 1413; x_wconf 87' lang='lat' dir='ltr'>et</span> <span class='ocrx_word' id='word_1_87' title='bbox 567 1353 640 1412; x_wconf 83' lang='lat' dir='ltr'>cirm</span> <span class='ocrx_word' id='word_1_88' title='bbox 656 1352 799 1412; x_wconf 88' lang='lat' dir='ltr'>universi</span> <span class='ocrx_word' id='word_1_89' title='bbox 823 1352 907 1412; x_wconf 92' lang='lat' dir='ltr'>inte</span> <span class='ocrx_word' id='word_1_90' title='bbox 931 1353 1088 1432; x_wconf 89' lang='lat' dir='ltr'>impetum</span> <span class='ocrx_word' id='word_1_91' title='bbox 1105 1353 1155 1419; x_wconf 62' lang='lat' dir='ltr'>fc</span> <span class='ocrx_word' id='word_1_92' title='bbox 1223 1414 1224 1419; x_wconf 73' lang='grc'>,</span> 
     </span>
     <span class='ocr_line' id='line_1_13' title="bbox 137 1434 1155 1513; baseline 0 -15"><span class='ocrx_word' id='word_1_93' title='bbox 137 1437 266 1507; x_wconf 85' lang='lat' dir='ltr'>cissent,</span> <span class='ocrx_word' id='word_1_94' title='bbox 278 1444 349 1497; x_wconf 93' lang='lat' dir='ltr'>tum</span> <span class='ocrx_word' id='word_1_95' title='bbox 364 1436 503 1513; x_wconf 72' lang='lat' dir='ltr'>singulae</span> <span class='ocrx_word' id='word_1_96' title='bbox 514 1435 648 1497; x_wconf 83' lang='lat' dir='ltr'>familiae</span> <span class='ocrx_word' id='word_1_97' title='bbox 663 1436 754 1496; x_wconf 91' lang='lat' dir='ltr'>litem</span> <span class='ocrx_word' id='word_1_98' title='bbox 766 1434 825 1495; x_wconf 92' lang='lat' dir='ltr'>tihi</span> <span class='ocrx_word' id='word_1_99' title='bbox 836 1435 1055 1497; x_wconf 57' lang='lat' dir='ltr'>«intenderent.</span> <span class='ocrx_word' id='word_1_100' title='bbox 1101 1437 1155 1498; x_wconf 93' lang='lat' dir='ltr'>ln-</span> 
     </span>
     <span class='ocr_line' id='line_1_14' title="bbox 137 1519 1155 1600; baseline 0.003 -20"><span class='ocrx_word' id='word_1_101' title='bbox 137 1531 239 1581; x_wconf 83' lang='lat' dir='ltr'>staret</span> <span class='ocrx_word' id='word_1_102' title='bbox 254 1521 446 1590; x_wconf 80' lang='lat' dir='ltr'>Academia,</span> <span class='ocrx_word' id='word_1_103' title='bbox 463 1539 544 1598; x_wconf 86' lang='lat' dir='ltr'>quae‚</span> <span class='ocrx_word' id='word_1_104' title='bbox 560 1519 715 1598; x_wconf 90' lang='lat' dir='ltr'>quidquid</span> <span class='ocrx_word' id='word_1_105' title='bbox 730 1519 876 1591; x_wconf 85' lang='lat' dir='ltr'>dixisses,</span> <span class='ocrx_word' id='word_1_106' title='bbox 890 1519 923 1579; x_wconf 90' lang='lat' dir='ltr'>id</span> <span class='ocrx_word' id='word_1_107' title='bbox 941 1522 1079 1600; x_wconf 90' lang='lat' dir='ltr'>teipsum</span> <span class='ocrx_word' id='word_1_108' title='bbox 1096 1542 1155 1583; x_wconf 90' lang='lat' dir='ltr'>ne·</span> 
     </span>
     <span class='ocr_line' id='line_1_15' title="bbox 138 1602 1224 1683; baseline 0.004 -20"><span class='ocrx_word' id='word_1_109' title='bbox 138 1625 217 1683; x_wconf 85' lang='lat' dir='ltr'>gare</span> <span class='ocrx_word' id='word_1_110' title='bbox 232 1611 373 1682; x_wconf 83' lang='lat' dir='ltr'>cogeret</span> <span class='ocrx_word' id='word_1_111' title='bbox 418 1603 521 1665; x_wconf 89' lang='lat' dir='ltr'>Stoici</span> <span class='ocrx_word' id='word_1_112' title='bbox 537 1603 614 1664; x_wconf 81' lang='lat' dir='ltr'>vero</span> <span class='ocrx_word' id='word_1_113' title='bbox 629 1604 730 1663; x_wconf 88' lang='lat' dir='ltr'>nostri</span> <span class='ocrx_word' id='word_1_114' title='bbox 746 1602 1001 1682; x_wconf 82' lang='lat' dir='ltr'>disputationum</span> <span class='ocrx_word' id='word_1_115' title='bbox 1016 1616 1155 1668; x_wconf 88' lang='lat' dir='ltr'>suarum</span> <span class='ocrx_word' id='word_1_116' title='bbox 1223 1614 1224 1623; x_wconf 75' lang='grc'>’</span> 
     </span>
     <span class='ocr_line' id='line_1_16' title="bbox 138 1687 1200 1766; baseline 0.003 -18"><span class='ocrx_word' id='word_1_117' title='bbox 138 1698 238 1766; x_wconf 89' lang='lat' dir='ltr'>atque</span> <span class='ocrx_word' id='word_1_118' title='bbox 265 1689 558 1764; x_wconf 84' lang='lat' dir='ltr'>interrogationum</span> <span class='ocrx_word' id='word_1_119' title='bbox 585 1687 711 1764; x_wconf 89' lang='lat' dir='ltr'>laqueis</span> <span class='ocrx_word' id='word_1_120' title='bbox 739 1696 772 1746; x_wconf 89' lang='lat' dir='ltr'>te</span> <span class='ocrx_word' id='word_1_121' title='bbox 803 1689 963 1749; x_wconf 90' lang='lat' dir='ltr'>irretitum</span> <span class='ocrx_word' id='word_1_122' title='bbox 988 1698 1153 1751; x_wconf 89' lang='lat' dir='ltr'>tenerent.</span> <span class='ocrx_word' id='word_1_123' title='bbox 1197 1700 1200 1704; x_wconf 82' lang='grc'><em>“</em></span> 
     </span>
     <span class='ocr_line' id='line_1_17' title="bbox 137 1770 1155 1852; baseline 0.002 -19"><span class='ocrx_word' id='word_1_124' title='bbox 137 1770 348 1851; x_wconf 90' lang='lat' dir='ltr'>Peripatetici</span> <span class='ocrx_word' id='word_1_125' title='bbox 364 1780 476 1832; x_wconf 91' lang='lat' dir='ltr'>autem</span> <span class='ocrx_word' id='word_1_126' title='bbox 499 1771 600 1841; x_wconf 87' lang='lat' dir='ltr'>etiam</span> <span class='ocrx_word' id='word_1_127' title='bbox 644 1789 691 1831; x_wconf 83' lang='lat' dir='ltr'>aec</span> <span class='ocrx_word' id='word_1_128' title='bbox 713 1772 795 1850; x_wconf 90' lang='lat' dir='ltr'>ipsa,</span> <span class='ocrx_word' id='word_1_129' title='bbox 810 1790 882 1849; x_wconf 84' lang='lat' dir='ltr'>quae</span> <span class='ocrx_word' id='word_1_130' title='bbox 900 1773 1031 1852; x_wconf 83' lang='lat' dir='ltr'>propria</span> <span class='ocrx_word' id='word_1_131' title='bbox 1045 1784 1155 1835; x_wconf 87' lang='lat' dir='ltr'>orato-</span> 
     </span>
     <span class='ocr_line' id='line_1_18' title="bbox 137 1853 1155 1939; baseline 0.003 -23"><span class='ocrx_word' id='word_1_132' title='bbox 137 1875 210 1916; x_wconf 89' lang='lat' dir='ltr'>rum</span> <span class='ocrx_word' id='word_1_133' title='bbox 225 1863 359 1935; x_wconf 91' lang='lat' dir='ltr'>putares</span> <span class='ocrx_word' id='word_1_134' title='bbox 374 1873 445 1935; x_wconf 71' lang='lat' dir='ltr'>esse</span> <span class='ocrx_word' id='word_1_135' title='bbox 468 1853 525 1939; x_wconf 69' lang='lat' dir='ltr'>adj</span> <span class='ocrx_word' id='word_1_136' title='bbox 547 1872 623 1935; x_wconf 79' lang='lat' dir='ltr'>men</span> <span class='ocrx_word' id='word_1_137' title='bbox 639 1874 668 1925; x_wconf 87' lang='lat' dir='ltr'>a,</span> <span class='ocrx_word' id='word_1_138' title='bbox 684 1862 783 1933; x_wconf 91' lang='lat' dir='ltr'>atque</span> <span class='ocrx_word' id='word_1_139' title='bbox 805 1866 999 1917; x_wconf 86' lang='lat' dir='ltr'>ornamenta</span> <span class='ocrx_word' id='word_1_140' title='bbox 1013 1856 1155 1931; x_wconf 91' lang='lat' dir='ltr'>dicendi,</span> 
     </span>
     <span class='ocr_line' id='line_1_19' title="bbox 139 1922 1171 2019; baseline 0.004 -21"><span class='ocrx_word' id='word_1_141' title='bbox 139 1939 232 2000; x_wconf 86' lang='lat' dir='ltr'>absc</span> <span class='ocrx_word' id='word_1_142' title='bbox 255 1940 323 2019; x_wconf 90' lang='lat' dir='ltr'>peti</span> <span class='ocrx_word' id='word_1_143' title='bbox 345 1924 520 1999; x_wconf 73' lang='lat' dir='ltr'>vln‘cblent&#39;</span> <span class='ocrx_word' id='word_1_144' title='bbox 533 1922 704 2018; x_wconf 61' lang='lat' dir='ltr'>‘opuntem</span> <span class='ocrx_word' id='word_1_145' title='bbox 727 1959 766 1998; x_wconf 92' lang='lat' dir='ltr'>ac</span> <span class='ocrx_word' id='word_1_146' title='bbox 790 1960 855 2000; x_wconf 89' lang='lat' dir='ltr'>non</span> <span class='ocrx_word' id='word_1_147' title='bbox 879 1940 982 2000; x_wconf 83' lang='lat' dir='ltr'>solum</span> <span class='ocrx_word' id='word_1_148' title='bbox 1006 1943 1171 2015; x_wconf 80' lang='lat' dir='ltr'>meliora,</span> 
     </span>
     <span class='ocr_line' id='line_1_20' title="bbox 138 2021 1153 2104; baseline 0.005 -22"><span class='ocrx_word' id='word_1_149' title='bbox 138 2022 193 2084; x_wconf 91' lang='lat' dir='ltr'>sed</span> <span class='ocrx_word' id='word_1_150' title='bbox 210 2024 311 2083; x_wconf 89' lang='lat' dir='ltr'>etiam</span> <span class='ocrx_word' id='word_1_151' title='bbox 322 2021 426 2083; x_wconf 72' lang='lat' dir='ltr'>multu</span> <span class='ocrx_word' id='word_1_152' title='bbox 437 2022 533 2103; x_wconf 91' lang='lat' dir='ltr'>plura</span> <span class='ocrx_word' id='word_1_153' title='bbox 545 2023 755 2083; x_wconf 89' lang='lat' dir='ltr'>Aristotelem</span> <span class='ocrx_word' id='word_1_154' title='bbox 770 2022 1093 2104; x_wconf 84' lang='lat' dir='ltr'>Theophrastumque</span> <span class='ocrx_word' id='word_1_155' title='bbox 1111 2027 1153 2088; x_wconf 89' lang='lat' dir='ltr'>de</span> 
     </span>
     <span class='ocr_line' id='line_1_21' title="bbox 138 2105 1153 2188; baseline 0.005 -22"><span class='ocrx_word' id='word_1_156' title='bbox 138 2105 189 2167; x_wconf 92' lang='lat' dir='ltr'>his</span> <span class='ocrx_word' id='word_1_157' title='bbox 203 2106 310 2178; x_wconf 81' lang='lat' dir='ltr'>rebus„</span> <span class='ocrx_word' id='word_1_158' title='bbox 325 2107 423 2187; x_wconf 78' lang='lat' dir='ltr'>quam</span> <span class='ocrx_word' id='word_1_159' title='bbox 438 2126 551 2168; x_wconf 89' lang='lat' dir='ltr'>omnes</span> <span class='ocrx_word' id='word_1_160' title='bbox 571 2106 699 2168; x_wconf 90' lang='lat' dir='ltr'>dicendi</span> <span class='ocrx_word' id='word_1_161' title='bbox 722 2109 905 2184; x_wconf 87' lang='lat' dir='ltr'>magistros,</span> <span class='ocrx_word' id='word_1_162' title='bbox 921 2109 1087 2188; x_wconf 87' lang='lat' dir='ltr'>scripsisse</span> <span class='ocrx_word' id='word_1_163' title='bbox 1103 2130 1153 2171; x_wconf 88' lang='lat' dir='ltr'>os-</span> 
     </span>
    </p>
   </div>
   <div class='ocr_carea' id='block_1_2' title="bbox 138 2188 1224 2347">
    <p class='ocr_par' dir='ltr' id='par_1_3' title="bbox 138 2188 1224 2347">
     <span class='ocr_line' id='line_1_22' title="bbox 138 2188 1224 2347; baseline 0.003 -96"><span class='ocrx_word' id='word_1_164' title='bbox 138 2190 317 2251; x_wconf 89' lang='lat' dir='ltr'>tenderent.</span> <span class='ocrx_word' id='word_1_165' title='bbox 362 2190 491 2253; x_wconf 67' lang='lat' dir='ltr'>Missos,</span> <span class='ocrx_word' id='word_1_166' title='bbox 507 2190 593 2269; x_wconf 79' lang='lat' dir='ltr'>facio</span> <span class='ocrx_word' id='word_1_167' title='bbox 622 2188 880 2269; x_wconf 73' lang='lat' dir='ltr'>mathematicos</span> <span class='ocrx_word' id='word_1_168' title='bbox 895 2244 896 2247; x_wconf 69' lang='grc'>,</span> <span class='ocrx_word' id='word_1_169' title='bbox 910 2211 1002 2347; x_wconf 47' lang='lat' dir='ltr'>Qu</span> <span class='ocrx_word' id='word_1_170' title='bbox 1062 2194 1153 2272; x_wconf 59' lang='lat' dir='ltr'>loos,</span> <span class='ocrx_word' id='word_1_171' title='bbox 1223 2228 1224 2277; x_wconf 59' lang='lat' dir='ltr'>q</span> 
     </span>
     <span class='ocr_line' id='line_1_23' title="bbox 961 2297 970 2336; baseline 0 0"><span class='ocrx_word' id='word_1_172' title='bbox 961 2297 970 2336; x_wconf 92' lang='lat'>1</span> 
     </span>
    </p>
   </div>
   <div class='ocr_carea' id='block_1_3' title="bbox 56 2258 1224 3944">
    <p class='ocr_par' dir='ltr' id='par_1_4' title="bbox 89 2258 1224 3027">
     <span class='ocr_line' id='line_1_24' title="bbox 89 2258 1150 2353; baseline 0.003 -17"><span class='ocrx_word' id='word_1_173' title='bbox 89 2273 92 2278; x_wconf 79' lang='grc'><strong>’</strong></span> <span class='ocrx_word' id='word_1_174' title='bbox 137 2276 436 2353; x_wconf 88' lang='lat' dir='ltr'>music0s‚quorum</span> <span class='ocrx_word' id='word_1_175' title='bbox 453 2258 705 2339; x_wconf 21' lang='lat' dir='ltr'>elutusstestra</span> <span class='ocrx_word' id='word_1_176' title='bbox 719 2272 783 2335; x_wconf 80' lang='lat' dir='ltr'>ista</span> <span class='ocrx_word' id='word_1_177' title='bbox 797 2275 913 2336; x_wconf 91' lang='lat' dir='ltr'>dicend</span> <span class='ocrx_word' id='word_1_178' title='bbox 1050 2278 1150 2340; x_wconf 81' lang='lat' dir='ltr'>‘ibini-</span> 
     </span>
     <span class='ocr_line' id='line_1_25' title="bbox 138 2336 1224 2437; baseline 0.006 -17"><span class='ocrx_word' id='word_1_179' title='bbox 138 2358 331 2437; x_wconf 75' lang='lat' dir='ltr'>nequidem</span> <span class='ocrx_word' id='word_1_180' title='bbox 343 2352 499 2420; x_wconf 82' lang='lat' dir='ltr'>societate</span> <span class='ocrx_word' id='word_1_181' title='bbox 510 2352 716 2436; x_wconf 85' lang='lat' dir='ltr'>contingitur.</span> <span class='ocrx_word' id='word_1_182' title='bbox 747 2358 972 2434; x_wconf 83' lang='lat' dir='ltr'>Quamobrem</span> <span class='ocrx_word' id='word_1_183' title='bbox 984 2360 1048 2421; x_wconf 87' lang='lat' dir='ltr'>ista</span> <span class='ocrx_word' id='word_1_184' title='bbox 1057 2370 1153 2423; x_wconf 92' lang='lat' dir='ltr'>tanta</span> <span class='ocrx_word' id='word_1_185' title='bbox 1223 2336 1224 2379; x_wconf 44' lang='lat'>¹</span> 
     </span>
     <span class='ocr_line' id='line_1_26' title="bbox 138 2442 1224 2523; baseline 0.003 -19"><span class='ocrx_word' id='word_1_186' title='bbox 138 2452 271 2521; x_wconf 89' lang='lat' dir='ltr'>tamque</span> <span class='ocrx_word' id='word_1_187' title='bbox 287 2443 392 2504; x_wconf 91' lang='lat' dir='ltr'>multa</span> <span class='ocrx_word' id='word_1_188' title='bbox 412 2442 603 2523; x_wconf 88' lang='lat' dir='ltr'>profitenda,</span> <span class='ocrx_word' id='word_1_189' title='bbox 615 2443 742 2515; x_wconf 83' lang='lat' dir='ltr'>Crasse,</span> <span class='ocrx_word' id='word_1_190' title='bbox 757 2463 821 2505; x_wconf 94' lang='lat' dir='ltr'>non</span> <span class='ocrx_word' id='word_1_191' title='bbox 837 2463 964 2506; x_wconf 89' lang='lat' dir='ltr'>censeo.</span> <span class='ocrx_word' id='word_1_192' title='bbox 1008 2443 1096 2506; x_wconf 84' lang='lat' dir='ltr'>Satis</span> <span class='ocrx_word' id='word_1_193' title='bbox 1118 2445 1152 2507; x_wconf 91' lang='lat' dir='ltr'>id</span> <span class='ocrx_word' id='word_1_194' title='bbox 1223 2442 1224 2523; x_wconf 76' lang='lat' dir='ltr'>l</span> 
     </span>
     <span class='ocr_line' id='line_1_27' title="bbox 139 2526 1224 2619; baseline 0.002 -32"><span class='ocrx_word' id='word_1_195' title='bbox 139 2536 189 2588; x_wconf 90' lang='lat' dir='ltr'>est</span> <span class='ocrx_word' id='word_1_196' title='bbox 202 2547 369 2605; x_wconf 85' lang='lat' dir='ltr'>magnum,</span> <span class='ocrx_word' id='word_1_197' title='bbox 378 2527 463 2607; x_wconf 92' lang='lat' dir='ltr'>quod</span> <span class='ocrx_word' id='word_1_198' title='bbox 474 2535 566 2607; x_wconf 90' lang='lat' dir='ltr'>potes</span> <span class='ocrx_word' id='word_1_199' title='bbox 577 2535 743 2607; x_wconf 78' lang='lat' dir='ltr'>praestare,</span> <span class='ocrx_word' id='word_1_200' title='bbox 752 2536 789 2588; x_wconf 90' lang='lat' dir='ltr'>ut</span> <span class='ocrx_word' id='word_1_201' title='bbox 800 2529 833 2588; x_wconf 88' lang='lat' dir='ltr'>in</span> <span class='ocrx_word' id='word_1_202' title='bbox 841 2526 974 2606; x_wconf 76' lang='lat' dir='ltr'>J&#39;udiciis</span> <span class='ocrx_word' id='word_1_203' title='bbox 986 2547 1028 2588; x_wconf 90' lang='lat' dir='ltr'>ea</span> <span class='ocrx_word' id='word_1_204' title='bbox 1039 2549 1152 2603; x_wconf 89' lang='lat' dir='ltr'>causa,</span> <span class='ocrx_word' id='word_1_205' title='bbox 1223 2532 1224 2619; x_wconf 36' lang='grc' dir='ltr'>ᾗ</span> 
     </span>
     <span class='ocr_line' id='line_1_28' title="bbox 138 2612 1224 2691; baseline 0.003 -20"><span class='ocrx_word' id='word_1_206' title='bbox 138 2630 366 2691; x_wconf 92' lang='lat' dir='ltr'>quamcunque</span> <span class='ocrx_word' id='word_1_207' title='bbox 389 2623 424 2672; x_wconf 90' lang='lat' dir='ltr'>tu</span> <span class='ocrx_word' id='word_1_208' title='bbox 440 2612 530 2683; x_wconf 73' lang='lat' dir='ltr'>dicis</span> <span class='ocrx_word' id='word_1_209' title='bbox 544 2612 659 2673; x_wconf 90' lang='lat' dir='ltr'>melior</span> <span class='ocrx_word' id='word_1_210' title='bbox 673 2621 707 2673; x_wconf 89' lang='lat' dir='ltr'>et</span> <span class='ocrx_word' id='word_1_211' title='bbox 727 2612 927 2691; x_wconf 88' lang='lat' dir='ltr'>probabilior</span> <span class='ocrx_word' id='word_1_212' title='bbox 948 2630 1019 2673; x_wconf 88' lang='lat' dir='ltr'>esse</span> <span class='ocrx_word' id='word_1_213' title='bbox 1041 2612 1152 2674; x_wconf 88' lang='lat' dir='ltr'>videa·</span> <span class='ocrx_word' id='word_1_214' title='bbox 1223 2638 1224 2663; x_wconf 68' lang='lat'>÷</span> 
     </span>
     <span class='ocr_line' id='line_1_29' title="bbox 138 2696 1151 2778; baseline 0.002 -22"><span class='ocrx_word' id='word_1_215' title='bbox 138 2704 209 2766; x_wconf 82' lang='lat' dir='ltr'>tur3</span> <span class='ocrx_word' id='word_1_216' title='bbox 232 2705 268 2756; x_wconf 88' lang='lat' dir='ltr'>ut</span> <span class='ocrx_word' id='word_1_217' title='bbox 283 2697 323 2757; x_wconf 90' lang='lat' dir='ltr'>in</span> <span class='ocrx_word' id='word_1_218' title='bbox 333 2696 543 2758; x_wconf 89' lang='lat' dir='ltr'>concionibus</span> <span class='ocrx_word' id='word_1_219' title='bbox 558 2707 591 2757; x_wconf 93' lang='lat' dir='ltr'>et</span> <span class='ocrx_word' id='word_1_220' title='bbox 612 2697 781 2758; x_wconf 89' lang='lat' dir='ltr'>sententiis</span> <span class='ocrx_word' id='word_1_221' title='bbox 796 2696 940 2759; x_wconf 88' lang='lat' dir='ltr'>dicendis</span> <span class='ocrx_word' id='word_1_222' title='bbox 955 2696 997 2757; x_wconf 88' lang='lat' dir='ltr'>ad</span> <span class='ocrx_word' id='word_1_223' title='bbox 1019 2716 1151 2778; x_wconf 88' lang='lat' dir='ltr'>persua-</span> 
     </span>
     <span class='ocr_line' id='line_1_30' title="bbox 139 2778 1151 2860; baseline 0.003 -20"><span class='ocrx_word' id='word_1_224' title='bbox 139 2778 279 2840; x_wconf 89' lang='lat' dir='ltr'>dendum</span> <span class='ocrx_word' id='word_1_225' title='bbox 302 2788 362 2840; x_wconf 89' lang='lat' dir='ltr'>tua</span> <span class='ocrx_word' id='word_1_226' title='bbox 385 2782 560 2860; x_wconf 80' lang='lat' dir='ltr'>plurimum</span> <span class='ocrx_word' id='word_1_227' title='bbox 575 2780 688 2841; x_wconf 90' lang='lat' dir='ltr'>valeat</span> <span class='ocrx_word' id='word_1_228' title='bbox 710 2781 832 2851; x_wconf 74' lang='lat' dir='ltr'>oratio,</span> <span class='ocrx_word' id='word_1_229' title='bbox 855 2779 1003 2857; x_wconf 91' lang='lat' dir='ltr'>denique,</span> <span class='ocrx_word' id='word_1_230' title='bbox 1018 2789 1055 2842; x_wconf 91' lang='lat' dir='ltr'>ut</span> <span class='ocrx_word' id='word_1_231' title='bbox 1077 2801 1151 2860; x_wconf 88' lang='lat' dir='ltr'>pru·</span> 
     </span>
     <span class='ocr_line' id='line_1_31' title="bbox 138 2861 1224 2934; baseline 0.003 -11"><span class='ocrx_word' id='word_1_232' title='bbox 138 2861 290 2923; x_wconf 90' lang='lat' dir='ltr'>dentibus</span> <span class='ocrx_word' id='word_1_233' title='bbox 301 2863 429 2934; x_wconf 80' lang='lat' dir='ltr'>diserte,</span> <span class='ocrx_word' id='word_1_234' title='bbox 441 2863 547 2924; x_wconf 87' lang='lat' dir='ltr'>stultis</span> <span class='ocrx_word' id='word_1_235' title='bbox 560 2865 660 2929; x_wconf 88' lang='lat' dir='ltr'>etiam</span> <span class='ocrx_word' id='word_1_236' title='bbox 672 2863 760 2933; x_wconf 77' lang='lat' dir='ltr'>vere,</span> <span class='ocrx_word' id='word_1_237' title='bbox 769 2863 877 2924; x_wconf 89' lang='lat' dir='ltr'>dicere</span> <span class='ocrx_word' id='word_1_238' title='bbox 889 2863 1041 2925; x_wconf 84' lang='lat' dir='ltr'>videaris.</span> <span class='ocrx_word' id='word_1_239' title='bbox 1079 2863 1151 2927; x_wconf 89' lang='lat' dir='ltr'>Hoc</span> <span class='ocrx_word' id='word_1_240' title='bbox 1223 2904 1224 2911; x_wconf 26' lang='grc' dir='ltr'><strong>κ</strong></span> 
     </span>
     <span class='ocr_line' id='line_1_32' title="bbox 138 2914 1224 3027; baseline 0.003 -21"><span class='ocrx_word' id='word_1_241' title='bbox 138 2947 281 3027; x_wconf 89' lang='lat' dir='ltr'>amplius</span> <span class='ocrx_word' id='word_1_242' title='bbox 296 2948 324 3007; x_wconf 91' lang='lat' dir='ltr'>si</span> <span class='ocrx_word' id='word_1_243' title='bbox 339 2945 415 3025; x_wconf 92' lang='lat' dir='ltr'>quid</span> <span class='ocrx_word' id='word_1_244' title='bbox 430 2948 560 3027; x_wconf 77' lang='lat' dir='ltr'>poteris</span> <span class='ocrx_word' id='word_1_245' title='bbox 571 2966 637 3006; x_wconf 92' lang='lat' dir='ltr'>non</span> <span class='ocrx_word' id='word_1_246' title='bbox 651 2946 684 3007; x_wconf 94' lang='lat' dir='ltr'>id</span> <span class='ocrx_word' id='word_1_247' title='bbox 699 2945 778 3007; x_wconf 91' lang='lat' dir='ltr'>mibi</span> <span class='ocrx_word' id='word_1_248' title='bbox 794 2946 956 3008; x_wconf 87' lang='lat' dir='ltr'>videbitur</span> <span class='ocrx_word' id='word_1_249' title='bbox 968 2957 1084 3019; x_wconf 85' lang='lat' dir='ltr'>orator,</span> <span class='ocrx_word' id='word_1_250' title='bbox 1095 2950 1151 3011; x_wconf 87' lang='lat' dir='ltr'>sed</span> <span class='ocrx_word' id='word_1_251' title='bbox 1222 2914 1224 3009; x_wconf 84' lang='lat' dir='ltr'>l</span> 
     </span>
    </p>

    <p class='ocr_par' dir='ltr' id='par_1_5' title="bbox 96 3029 1224 3206">
     <span class='ocr_line' id='line_1_33' title="bbox 96 3029 1151 3110; baseline 0.003 -20"><span class='ocrx_word' id='word_1_252' title='bbox 96 3098 104 3109; x_wconf 36' lang='grc' dir='ltr'>ι</span> <span class='ocrx_word' id='word_1_253' title='bbox 139 3029 286 3102; x_wconf 69' lang='lat' dir='ltr'>Crassus</span> <span class='ocrx_word' id='word_1_254' title='bbox 308 3030 366 3090; x_wconf 72' lang='lat' dir='ltr'>sud</span> <span class='ocrx_word' id='word_1_255' title='bbox 387 3030 527 3109; x_wconf 72' lang='lat' dir='ltr'>quadam</span> <span class='ocrx_word' id='word_1_256' title='bbox 550 3031 688 3110; x_wconf 70' lang='lat' dir='ltr'>propria,</span> <span class='ocrx_word' id='word_1_257' title='bbox 710 3050 774 3090; x_wconf 89' lang='lat' dir='ltr'>non</span> <span class='ocrx_word' id='word_1_258' title='bbox 797 3033 961 3093; x_wconf 92' lang='lat' dir='ltr'>communi</span> <span class='ocrx_word' id='word_1_259' title='bbox 985 3040 1151 3095; x_wconf 88' lang='lat' dir='ltr'>oratorum</span> 
     </span>
     <span class='ocr_line' id='line_1_34' title="bbox 138 3114 1224 3206; baseline 0.001 -31"><span class='ocrx_word' id='word_1_260' title='bbox 138 3114 308 3186; x_wconf 76' lang='lat' dir='ltr'>facultate,</span> <span class='ocrx_word' id='word_1_261' title='bbox 322 3132 427 3195; x_wconf 87' lang='lat' dir='ltr'>pesse.</span> <span class='ocrx_word' id='word_1_262' title='bbox 659 3156 686 3206; x_wconf 56' lang='lat'>0</span> <span class='ocrx_word' id='word_1_263' title='bbox 1222 3172 1224 3183; x_wconf 70' lang='grc'>,</span> 
     </span>
    </p>

    <p class='ocr_par' dir='ltr' id='par_1_6' title="bbox 139 3195 1151 3445">
     <span class='ocr_line' id='line_1_35' title="bbox 180 3195 1151 3278; baseline 0.003 -19"><span class='ocrx_word' id='word_1_264' title='bbox 180 3195 235 3259; x_wconf 93' lang='lat' dir='ltr'>Xl.</span> <span class='ocrx_word' id='word_1_265' title='bbox 259 3198 344 3259; x_wconf 88' lang='lat' dir='ltr'>Tum</span> <span class='ocrx_word' id='word_1_266' title='bbox 360 3197 425 3269; x_wconf 90' lang='lat' dir='ltr'>ille,</span> <span class='ocrx_word' id='word_1_267' title='bbox 447 3196 523 3258; x_wconf 91' lang='lat' dir='ltr'>Non</span> <span class='ocrx_word' id='word_1_268' title='bbox 537 3217 619 3269; x_wconf 88' lang='lat' dir='ltr'>sum,</span> <span class='ocrx_word' id='word_1_269' title='bbox 634 3199 748 3278; x_wconf 91' lang='lat' dir='ltr'>inquit,</span> <span class='ocrx_word' id='word_1_270' title='bbox 762 3200 900 3270; x_wconf 76' lang='lat' dir='ltr'>nescius</span> <span class='ocrx_word' id='word_1_271' title='bbox 915 3197 1074 3271; x_wconf 81' lang='lat' dir='ltr'>Scaevola,</span> <span class='ocrx_word' id='word_1_272' title='bbox 1088 3200 1151 3263; x_wconf 87' lang='lat' dir='ltr'>ista</span> 
     </span>
     <span class='ocr_line' id='line_1_36' title="bbox 140 3280 1150 3363; baseline 0.003 -21"><span class='ocrx_word' id='word_1_273' title='bbox 140 3281 223 3343; x_wconf 88' lang='lat' dir='ltr'>inter</span> <span class='ocrx_word' id='word_1_274' title='bbox 232 3281 364 3343; x_wconf 86' lang='lat' dir='ltr'>Craecos</span> <span class='ocrx_word' id='word_1_275' title='bbox 376 3280 441 3343; x_wconf 92' lang='lat' dir='ltr'>dici</span> <span class='ocrx_word' id='word_1_276' title='bbox 452 3290 486 3344; x_wconf 90' lang='lat' dir='ltr'>et</span> <span class='ocrx_word' id='word_1_277' title='bbox 497 3282 672 3363; x_wconf 88' lang='lat' dir='ltr'>disceptari</span> <span class='ocrx_word' id='word_1_278' title='bbox 684 3283 797 3344; x_wconf 90' lang='lat' dir='ltr'>solere.</span> <span class='ocrx_word' id='word_1_279' title='bbox 835 3283 956 3344; x_wconf 89' lang='lat' dir='ltr'>Audivi</span> <span class='ocrx_word' id='word_1_280' title='bbox 968 3285 1055 3345; x_wconf 88' lang='lat' dir='ltr'>enim</span> <span class='ocrx_word' id='word_1_281' title='bbox 1067 3303 1150 3345; x_wconf 93' lang='lat' dir='ltr'>sum·</span> 
     </span>
     <span class='ocr_line' id='line_1_37' title="bbox 139 3365 1149 3445; baseline 0.004 -19"><span class='ocrx_word' id='word_1_282' title='bbox 139 3386 208 3427; x_wconf 90' lang='lat' dir='ltr'>mos</span> <span class='ocrx_word' id='word_1_283' title='bbox 219 3365 376 3439; x_wconf 74' lang='lat' dir='ltr'>homines</span> <span class='ocrx_word' id='word_1_284' title='bbox 385 3368 460 3428; x_wconf 82' lang='lat' dir='ltr'>cum</span> <span class='ocrx_word' id='word_1_285' title='bbox 471 3377 611 3445; x_wconf 85' lang='lat' dir='ltr'>quaestor</span> <span class='ocrx_word' id='word_1_286' title='bbox 622 3386 662 3429; x_wconf 90' lang='lat' dir='ltr'>ex</span> <span class='ocrx_word' id='word_1_287' title='bbox 672 3366 867 3429; x_wconf 71' lang='lat' dir='ltr'>Macedonia</span> <span class='ocrx_word' id='word_1_288' title='bbox 878 3368 1040 3428; x_wconf 87' lang='lat' dir='ltr'>venissem</span> <span class='ocrx_word' id='word_1_289' title='bbox 1052 3367 1149 3430; x_wconf 91' lang='lat' dir='ltr'>Athe-</span> 
     </span>
    </p>

    <p class='ocr_par' dir='ltr' id='par_1_7' title="bbox 56 3450 1224 3944">
     <span class='ocr_line' id='line_1_38' title="bbox 56 3450 1148 3531; baseline 0.003 -21"><span class='ocrx_word' id='word_1_290' title='bbox 56 3480 58 3485; x_wconf 54' lang='lat'><em>2</em></span> <span class='ocrx_word' id='word_1_291' title='bbox 139 3470 209 3521; x_wconf 90' lang='lat' dir='ltr'>nas,</span> <span class='ocrx_word' id='word_1_292' title='bbox 233 3451 368 3511; x_wconf 88' lang='lat' dir='ltr'>florente</span> <span class='ocrx_word' id='word_1_293' title='bbox 392 3450 581 3523; x_wconf 74' lang='lat' dir='ltr'>Academii,</span> <span class='ocrx_word' id='word_1_294' title='bbox 602 3460 640 3512; x_wconf 91' lang='lat' dir='ltr'>ut</span> <span class='ocrx_word' id='word_1_295' title='bbox 662 3450 863 3531; x_wconf 89' lang='lat' dir='ltr'>temporibus</span> <span class='ocrx_word' id='word_1_296' title='bbox 885 3451 949 3511; x_wconf 90' lang='lat' dir='ltr'>illis</span> <span class='ocrx_word' id='word_1_297' title='bbox 975 3451 1148 3526; x_wconf 83' lang='lat' dir='ltr'>ferebatur,</span> 
     </span>
     <span class='ocr_line' id='line_1_39' title="bbox 139 3532 1147 3610; baseline 0.003 -17"><span class='ocrx_word' id='word_1_298' title='bbox 139 3533 224 3610; x_wconf 78' lang='lat' dir='ltr'>quod</span> <span class='ocrx_word' id='word_1_299' title='bbox 239 3554 314 3594; x_wconf 88' lang='lat' dir='ltr'>eam</span> <span class='ocrx_word' id='word_1_300' title='bbox 329 3532 541 3606; x_wconf 81' lang='lat' dir='ltr'>Charmadas,</span> <span class='ocrx_word' id='word_1_301' title='bbox 556 3544 588 3596; x_wconf 88' lang='lat' dir='ltr'>et</span> <span class='ocrx_word' id='word_1_302' title='bbox 606 3534 838 3605; x_wconf 82' lang='lat' dir='ltr'>Clitomachus,</span> <span class='ocrx_word' id='word_1_303' title='bbox 854 3542 887 3596; x_wconf 92' lang='lat' dir='ltr'>et</span> <span class='ocrx_word' id='word_1_304' title='bbox 909 3533 1081 3596; x_wconf 90' lang='lat' dir='ltr'>AEschines</span> <span class='ocrx_word' id='word_1_305' title='bbox 1096 3536 1147 3596; x_wconf 86' lang='lat' dir='ltr'>ob-</span> 
     </span>
     <span class='ocr_line' id='line_1_40' title="bbox 139 3617 1224 3700; baseline 0.003 -23"><span class='ocrx_word' id='word_1_306' title='bbox 139 3617 297 3678; x_wconf 91' lang='lat' dir='ltr'>tinebant.</span> <span class='ocrx_word' id='word_1_307' title='bbox 341 3617 424 3678; x_wconf 89' lang='lat' dir='ltr'>Erat</span> <span class='ocrx_word' id='word_1_308' title='bbox 440 3620 542 3679; x_wconf 90' lang='lat' dir='ltr'>etiam</span> <span class='ocrx_word' id='word_1_309' title='bbox 557 3617 770 3688; x_wconf 89' lang='lat' dir='ltr'>Metrodorus,</span> <span class='ocrx_word' id='word_1_310' title='bbox 786 3620 841 3698; x_wconf 91' lang='lat' dir='ltr'>qui</span> <span class='ocrx_word' id='word_1_311' title='bbox 856 3638 931 3679; x_wconf 92' lang='lat' dir='ltr'>cum</span> <span class='ocrx_word' id='word_1_312' title='bbox 946 3620 1010 3680; x_wconf 90' lang='lat' dir='ltr'>illis</span> <span class='ocrx_word' id='word_1_313' title='bbox 1025 3621 1090 3680; x_wconf 73' lang='lat' dir='ltr'>und</span> <span class='ocrx_word' id='word_1_314' title='bbox 1104 3621 1147 3700; x_wconf 89' lang='lat' dir='ltr'>ip·</span> <span class='ocrx_word' id='word_1_315' title='bbox 1220 3620 1224 3628; x_wconf 86' lang='lat'>&#39;</span> 
     </span>
     <span class='ocr_line' id='line_1_41' title="bbox 139 3700 1148 3779; baseline 0.006 -19"><span class='ocrx_word' id='word_1_316' title='bbox 139 3719 212 3760; x_wconf 90' lang='lat' dir='ltr'>sum</span> <span class='ocrx_word' id='word_1_317' title='bbox 238 3702 329 3762; x_wconf 92' lang='lat' dir='ltr'>illum</span> <span class='ocrx_word' id='word_1_318' title='bbox 353 3700 555 3778; x_wconf 89' lang='lat' dir='ltr'>Carneadem,</span> <span class='ocrx_word' id='word_1_319' title='bbox 595 3702 783 3779; x_wconf 78' lang='lat' dir='ltr'>diligentius</span> <span class='ocrx_word' id='word_1_320' title='bbox 807 3701 964 3775; x_wconf 85' lang='lat' dir='ltr'>audierat,</span> <span class='ocrx_word' id='word_1_321' title='bbox 986 3702 1148 3766; x_wconf 86' lang='lat' dir='ltr'>hominem</span> 
     </span>
     <span class='ocr_line' id='line_1_42' title="bbox 139 3780 1146 3869; baseline 0.008 -26"><span class='ocrx_word' id='word_1_322' title='bbox 139 3780 284 3845; x_wconf 87' lang='lat' dir='ltr'>omnium</span> <span class='ocrx_word' id='word_1_323' title='bbox 307 3787 341 3847; x_wconf 93' lang='lat' dir='ltr'>in</span> <span class='ocrx_word' id='word_1_324' title='bbox 364 3786 500 3846; x_wconf 89' lang='lat' dir='ltr'>dicendo</span> <span class='ocrx_word' id='word_1_325' title='bbox 517 3788 566 3860; x_wconf 85' lang='lat' dir='ltr'>(ut</span> <span class='ocrx_word' id='word_1_326' title='bbox 591 3785 752 3865; x_wconf 84' lang='lat' dir='ltr'>ferebant)</span> <span class='ocrx_word' id='word_1_327' title='bbox 770 3786 965 3848; x_wconf 90' lang='lat' dir='ltr'>acerrimum</span> <span class='ocrx_word' id='word_1_328' title='bbox 989 3798 1022 3850; x_wconf 87' lang='lat' dir='ltr'>ct</span> <span class='ocrx_word' id='word_1_329' title='bbox 1046 3787 1146 3869; x_wconf 86' lang='lat' dir='ltr'>copio-</span> 
     </span>
     <span class='ocr_line' id='line_1_43' title="bbox 138 3868 1222 3944; baseline 0.009 -17"><span class='ocrx_word' id='word_1_330' title='bbox 138 3868 312 3927; x_wconf 82' lang='lat' dir='ltr'>sissimum.</span> <span class='ocrx_word' id='word_1_331' title='bbox 357 3868 500 3944; x_wconf 81' lang='lat' dir='ltr'>Vigcbat</span> <span class='ocrx_word' id='word_1_332' title='bbox 515 3869 643 3930; x_wconf 89' lang='lat' dir='ltr'>auditor</span> <span class='ocrx_word' id='word_1_333' title='bbox 666 3869 800 3931; x_wconf 78' lang='lat' dir='ltr'>l‘anaetii</span> <span class='ocrx_word' id='word_1_334' title='bbox 824 3870 911 3932; x_wconf 89' lang='lat' dir='ltr'>illius</span> <span class='ocrx_word' id='word_1_335' title='bbox 932 3873 981 3933; x_wconf 90' lang='lat' dir='ltr'>tui</span> <span class='ocrx_word' id='word_1_336' title='bbox 1003 3872 1146 3936; x_wconf 85' lang='lat' dir='ltr'>Mnesur-</span> <span class='ocrx_word' id='word_1_337' title='bbox 1218 3886 1222 3907; x_wconf 70' lang='lat'>¹</span> 
     </span>
    </p>
   </div>
   <div class='ocr_carea' id='block_1_4' title="bbox 0 0 1233 4290">
    <p class='ocr_par' dir='ltr' id='par_1_8' title="bbox 0 0 1233 4290">
     <span class='ocr_line' id='line_1_44' title="bbox 0 0 1233 4290; baseline 0 0"><span class='ocrx_word' id='word_1_338' title='bbox 0 0 1233 4290; x_wconf 95' lang='lat' dir='ltr'> </span> 
     </span>
    </p>
   </div>
   <div class='ocr_carea' id='block_1_5' title="bbox 8 4184 156 4260">
    <p class='ocr_par' dir='ltr' id='par_1_9' title="bbox 8 4184 156 4260">
     <span class='ocr_line' id='line_1_45' title="bbox 8 4184 156 4260; baseline -0.02 0"><span class='ocrx_word' id='word_1_339' title='bbox 8 4184 156 4260; x_wconf 12' lang='lat' dir='ltr'>A*</span> 
     </span>
    </p>
   </div>
  </div>
 </body>
</html>
