2444 4276
157 350 218 412 100
370 334 377 347 ’
427 365 468 407 nn
487 364 628 407 onerosa
647 364 737 407 omar
756 362 893 407 rasum.

154 513 265 575 omnia
284 511 432 591 quesita,
447 509 569 583 audita,
589 510 686 581 lecta,
701 509 878 591 disputata,
892 519 1048 587 tractata,
1063 515 1182 592 agita-
1213 522 1214 577 l

154 606 200 666 ta,
214 614 286 657 esse
301 595 431 657 debent.
475 593 536 656 Est
559 594 648 655 enim
662 595 851 674 eloquentia
871 614 940 656 una
963 596 1117 675 quaedam
1133 597 1182 659 dc
1213 652 1214 675 ι

154 682 289 760 summis
318 677 518 750 virtutibus,
549 678 752 757 (quanquam
779 686 855 739 sunt
887 698 1001 740 omnes
1030 681 1183 742 virtutes
1213 706 1214 715 2

154 764 299 844 aeqnalcs
313 771 346 824 et
367 782 472 843 pares,
487 761 544 824 sed
564 771 678 824 tamen
692 771 741 823 est
755 764 882 842 species
898 764 967 824 olla
982 764 1091 840 magis
1106 765 1183 826 alia
1213 758 1214 841 l

155 848 298 909 formbsa
312 856 345 908 et
359 847 493 908 illustris
506 868 514 916 ;
536 838 620 907 sicut
633 845 704 907 haec
719 848 778 917 vis,
793 865 875 924 quae,
889 848 1062 909 scientiam
1084 867 1181 909 com·
1213 844 1214 883 l

154 932 254 1013 plexa
265 940 383 1001 rerum,
395 948 492 990 sensa
506 931 626 991 mentis
638 940 670 990 et
686 931 822 991 consilia
836 933 883 991 sic
895 931 1004 992 verbis
1016 932 1181 1011 explicat,
1213 936 1214 1015 l

155 1027 192 1077 ut
207 1035 272 1085 eos,
287 1016 342 1093 qui
358 1012 504 1084 audiant,
518 1014 710 1093 qubcunque
726 1013 920 1105 incubuepit,
934 1010 1036 1094 possit
1056 1016 1181 1094 impel-

155 1100 242 1169 lere;
264 1115 336 1177 quae
358 1097 422 1177 quo
443 1099 549 1175 maJ'or
571 1107 621 1158 est
643 1100 702 1168 vis,
717 1096 778 1158 boc
802 1106 852 1158 est
872 1099 981 1175 magis
996 1099 1179 1183 probitate
1213 1156 1214 1175 ἶ

155 1181 331 1260 jungenda,
345 1182 534 1259 summique
554 1180 754 1260 prudentiaz)
778 1200 919 1259 quarum
941 1183 1103 1244 virtutum
1118 1203 1179 1243 ex·

154 1264 301 1346 pertibus
316 1267 344 1327 si
355 1264 483 1327 dicendi
498 1266 627 1346 copiam
640 1264 955 1343 tradiderimusnon
969 1285 1027 1326 eos
1038 1265 1179 1344 quidem
1213 1278 1214 1319 ἐ

155 1361 301 1411 oratores
324 1347 539 1420 effecerimus
554 1348 611 1410 sed
633 1347 816 1409 furentibus
837 1349 988 1428 quaedam
1006 1369 1105 1411 arma
1118 1350 1179 1411 de·

155 1434 308 1495 dcrimus.
726 1453 728 1457 ¹

198 1516 270 1578 XV.
294 1516 402 1587 Hanc,
416 1514 558 1594 inquam,
573 1515 1056 1595 cogitandipronuntiandique
1071 1518 1178 1578 ratio·
1213 1570 1214 1599 ,

155 1619 240 1672 nem,
254 1602 385 1678 vimque
401 1598 538 1671 dicendi,
550 1607 678 1660 veteres
692 1598 800 1660 Graeci
814 1601 1012 1679 sapientiam
1022 1603 1178 1662 nomina-
1213 1602 1214 1611 ’

155 1683 245 1745 bant
291 1684 377 1767 Hinc
393 1683 440 1743 illi
456 1683 609 1764 Lycurgi,
623 1683 699 1761 hinc
722 1682 852 1753 Pittaci,
867 1682 942 1744 hinc
960 1683 1108 1755 Solones,
1124 1694 1177 1745 at-

156 1788 218 1847 que
235 1767 278 1828 ab
293 1768 356 1829 hac
372 1767 582 1829 similitudine
597 1766 795 1827 Coruncanii
811 1767 923 1837 nostri,
937 1766 1095 1839 Fabricii,
1111 1767 1177 1830 Oa·

156 1861 259 1924 tones,
274 1850 443 1932 Scipiones
458 1851 599 1922 fuerunt,
614 1870 679 1911 non
694 1859 763 1913 tam
778 1849 916 1911 fortasse
931 1850 1027 1923 docti,
1039 1851 1099 1912 sed
1115 1855 1176 1912 im-

156 1947 235 2016 petu
250 1937 368 1997 mentis
377 1936 475 2014 simili
490 1945 523 1997 ct
535 1935 712 2001 voluntate.
756 1931 882 1995 Eiidem
898 1944 1011 1996 autem
1022 1936 1082 1996 alii
1097 1955 1176 2016 pru·

156 2020 274 2091 dentis,
285 2019 343 2080 sed
358 2020 492 2081 consilio
508 2018 550 2080 nd
561 2019 638 2079 vitae
650 2016 760 2079 studia
773 2016 903 2098 dispari,
915 2020 1060 2098 quietem
1071 2031 1177 2098 atque

155 2103 260 2164 otium
275 2103 388 2173 secuti,
403 2110 440 2163 ut
455 2101 666 2182 Pythagoras,
681 2100 897 2172 Democritus,
909 2102 1142 2180 Anaxagoras,
1152 2122 1176 2164 a

156 2185 307 2263 regendis
321 2185 510 2247 civitatibus
525 2194 608 2247 totos
622 2204 656 2246 se
669 2185 712 2246 ad
723 2187 943 2264 cognitionem
957 2206 1068 2248 rerum
1083 2196 1176 2249 tran·
1212 2178 1214 2219 ¹

157 2268 336 2331 stulerunt:
358 2288 431 2347 quac
446 2270 527 2339 vita,
540 2277 673 2349 propter
686 2268 969 2348 tranquillitatem,
983 2279 1017 2331 et
1039 2280 1176 2351 propter
1213 2334 1214 2351 χ

156 2353 258 2433 ipsius
281 2352 426 2414 scientia
441 2354 650 2424 suavitatem,
661 2352 725 2431 qua
739 2351 820 2414 nihil
844 2361 894 2414 est
916 2353 1103 2415 hominibus
1121 2356 1175 2433 ju-

157 2436 304 2508 cundius,
326 2436 444 2516 plures,
459 2437 559 2516 quam
571 2437 651 2497 utile
666 2435 728 2497 fuit
749 2436 847 2497 rebus
863 2435 1013 2518 publicis,
1023 2437 1174 2500 delecta-

156 2522 214 2581 vit.
258 2519 381 2598 ltaque,
396 2530 432 2583 ut
448 2522 478 2582 ei
493 2520 600 2582 studio
615 2539 649 2580 se
666 2519 946 2582 excellentissimis
961 2522 1103 2599 ingeniis
1118 2520 1175 2583 ho·

156 2606 260 2667 mines
274 2604 476 2675 dediderunt,
488 2624 529 2664 ex
543 2604 581 2665 eti
595 2603 722 2664 summit
736 2601 896 2665 facultate
908 2607 1006 2666 vacui
1021 2625 1062 2667 ac
1077 2605 1175 2668 liberi

156 2689 321 2769 temporis,
335 2688 438 2751 multo
452 2689 556 2767 plura,
571 2689 670 2767 quam
683 2695 755 2747 erat
766 2707 910 2760 necesse,
924 2687 1102 2750 doctissimi
1118 2689 1175 2750 ho-

153 2772 270 2844 mines,
291 2774 358 2832 ctio
381 2774 481 2834 nimio
503 2771 698 2848 et‘ingeniis
719 2770 891 2832 uberrimis
913 2771 1097 2843 affluentes,
1119 2792 1175 2835 cu·

157 2854 262 2915 rande
276 2854 338 2916 sibi
352 2875 432 2926 esse,
447 2874 487 2916 ac
503 2854 725 2933 querendam
746 2855 984 2932 investiganda,
999 2855 1174 2918 duxerunt.
1213 2904 1214 2907 ,

158 2936 246 3005 Nam
262 2945 357 2999 vetus
372 2937 503 3016 quidem
518 2938 576 2998 illa
590 2938 739 2999 doctrina
753 2937 869 2999 eadem
891 2938 1020 3000 videtur
1035 2948 1068 3000 et
1083 2941 1174 3002 recte
1213 2960 1214 2985 ι

158 3018 301 3081 faciendi
317 3028 349 3082 et
365 3020 447 3081 bene
463 3021 592 3082 dicendi
606 3022 765 3098 magistra
778 3043 786 3092 ;
808 3041 914 3100 neque
928 3021 1083 3099 disjuncti
1097 3023 1174 3095 doc·
1213 3030 1214 3109 l

158 3112 255 3174 tores
269 3104 327 3165 sed
341 3103 439 3165 iidem
455 3114 548 3165 erant
563 3105 697 3165 vivendi
717 3115 933 3184 praeceptores
948 3096 1046 3184 atq⁰ue
1061 3105 1173 3169 diceu—
1213 3142 1214 3155 ι

159 3187 210 3259 di;
233 3197 270 3249 ut
284 3189 339 3257 illc
355 3188 443 3267 apud
454 3188 634 3259 Homerum
644 3187 854 3267 Phoenix,qui
869 3208 913 3261 se,
923 3209 945 3250 a
955 3188 1053 3251 Peleo
1068 3199 1177 3269 patra'
1213 3200 1214 3267 ζ

160 3272 289 3341 Achilli,
298 3274 583 3350 juvenicomitem
607 3290 678 3332 esse
693 3271 808 3333 datum
822 3271 901 3333 dicit
922 3272 966 3335 ad
987 3272 1121 3344 bellum,
1137 3285 1174 3337 ut

158 3356 251 3418 illum
277 3355 424 3424 ,efficeret
460 3365 612 3417 oratorem
641 3354 811 3429 verborum,
836 3365 1027 3435 actoremque
1056 3377 1172 3419 rerum.

159 3438 233 3510 Sed,
257 3449 293 3499 ut
315 3438 471 3511 homines,
492 3438 604 3500 labore
627 3438 758 3500 assiduo
780 3447 813 3500 et
834 3439 1023 3517 quotidiano
1038 3443 1172 3514 amneti,
1212 3446 1214 3453 ⁴

160 3523 234 3584 clim
255 3524 461 3602 tempestatis
476 3524 576 3585 causa
589 3541 687 3602 opere
709 3521 930 3602 prohibentur,
944 3523 988 3585 ad
1008 3523 1113 3604 pilam
1127 3544 1172 3597 se,
1213 3488 1214 3583 i

159 3621 218 3667 aut
239 3604 282 3665 ad
304 3606 397 3676 talos,
413 3614 471 3666 aut
494 3605 538 3666 ad
559 3614 702 3669 tesseras
717 3605 897 3678 conserunt,
912 3617 970 3669 aut
991 3607 1095 3670 etiam
1116 3628 1170 3670 no-

159 3706 238 3749 vum
254 3686 316 3752 sibi
330 3688 391 3766 ipsi
406 3688 549 3766 aliquem
563 3689 751 3766 excogitant
766 3691 801 3751 in
814 3693 881 3752 otio
895 3690 1028 3763 ludum3
1050 3693 1099 3754 sic
1113 3693 1170 3765 illi,

160 3787 184 3833 a
197 3769 335 3847 negotiis
355 3767 495 3848 publicis
511 3771 682 3850 (tanquam
696 3773 740 3834 ab
761 3773 873 3854 opere)
890 3784 950 3837 aut
970 3776 1170 3857 temporibus
1213 3812 1214 3877 i
