2452 4290
331 400 372 440 nn
394 400 535 441 ouaroan
556 401 645 442 urana
665 401 784 443 ramus.
976 404 979 413 ¹
1006 404 1011 411 “
1028 386 1070 444 59

42 546 159 626 quibus
174 546 289 608 verbis
304 554 432 608 erctum
447 548 526 609 cieri
548 557 706 628 oporteat,
720 549 856 620 nesciat,
871 548 958 610 idem
972 550 1069 611 ercis·

42 632 157 692 cundae
180 631 320 692 familiae
345 652 482 693 causam
507 651 605 709 agere
628 653 693 694 non
715 634 826 713 possit.
871 632 969 705 Nam,
984 634 1070 714 quod

42 718 208 776 maximas
220 715 480 777 centumvirales
492 735 612 776 causas
623 718 657 778 in
664 719 740 795 jure
752 719 877 798 positas
888 719 1068 797 protulisti3

43 820 113 879 quae
127 800 271 861 tandem
282 820 399 861 earum
413 819 516 861 causa
527 800 599 872 fuit,
610 820 684 880 quae
696 801 739 862 ab
751 801 881 863 homine
895 803 1069 883 eloquenti,

43 886 126 961 juris
139 887 305 965 imperito,
316 904 381 944 non
394 885 599 945 ornatissime
611 888 754 966 potuerit
765 884 848 947 dicil
872 886 989 965 quibus
1001 888 1069 965 qui·

43 969 117 1029 dem
131 970 172 1030 in
183 970 296 1029 causis
312 967 469 1040 omnibus
491 969 577 1029 sicut
602 972 636 1030 in
661 971 732 1050 ipsa
754 969 861 1032 Manii
883 969 981 1041 Curii,
996 991 1068 1050 quae

45 1052 151 1113 abste
166 1072 276 1133 nuper
291 1062 341 1113 est
355 1052 455 1124 dicta,
471 1062 504 1113 et
526 1054 561 1113 in
576 1052 611 1113 C.
629 1053 763 1115 Hostilii
778 1053 928 1117 Mancini
944 1066 1068 1116 contro·

43 1137 159 1209 versib,
176 1146 279 1216 atque
295 1138 384 1198 ineo
399 1156 501 1217 puero
513 1139 568 1216 qui
584 1157 625 1198 ex
641 1139 744 1199 altera
759 1147 856 1199 natus
871 1147 944 1200 erat
959 1159 1069 1211 uxore,

44 1241 107 1282 non
123 1223 264 1282 remisso
279 1223 394 1282 nuntio
416 1223 584 1301 superiori,
600 1221 662 1283 fuit
684 1224 769 1283 inter
787 1224 1000 1302 peritissimos
1014 1223 1068 1284 ho·

43 1306 149 1366 mines
165 1324 299 1366 summa
314 1305 353 1366 de
366 1307 440 1383 jure
453 1305 620 1366 dissensio.
664 1305 786 1381 Quaero
801 1308 911 1382 igitur,
921 1307 999 1385 quid
1014 1307 1067 1368 ad-

46 1392 173 1467 juverit
189 1399 355 1450 oratorem
371 1391 403 1450 in
419 1389 469 1451 his
481 1391 590 1457 causis
600 1391 685 1467 juris
701 1391 848 1458 scientia,
864 1391 938 1453 cunr
954 1389 1006 1452 hie
1017 1393 1069 1468 ju-

44 1475 261 1536 risconsultus
287 1475 435 1554 superior
456 1474 555 1535 fuerit
580 1474 792 1545 discessurus
817 1475 873 1553 qui
896 1483 990 1544 esset,
1006 1494 1071 1536 non

45 1578 103 1619 suo
119 1558 274 1630 artificio,
290 1558 347 1618 sed
370 1559 488 1630 alieno,
512 1557 572 1619 hoc
588 1569 647 1630 est,
662 1578 727 1619 non
745 1558 830 1636 J'uris
852 1557 997 1629 scientia,
1012 1558 1085 1620 sedx

13 1644 15 1723 l
45 1643 236 1722 eloquentia
251 1650 463 1703 sustentatus.
502 1642 665 1722 Equidem
680 1642 742 1703 hoc
758 1643 844 1723 saepe
861 1640 983 1714 audivi,
996 1644 1070 1705 cum

13 1728 15 1797 l
44 1727 241 1789 aedilitatem
253 1725 287 1787 Ρ.
299 1725 437 1787 Crassus
451 1736 587 1808 peteret,
597 1746 736 1805 eumque
749 1729 854 1804 major
868 1735 958 1798 natu,
969 1729 1070 1789 etiam

13 1802 16 1867 l
45 1813 240 1881 consularis
263 1810 332 1873 Ser.
349 1811 458 1872 Galba
476 1821 707 1884 assectaretur‚
722 1811 808 1890 quod
832 1811 942 1872 Crassi
965 1811 1071 1873 filiam

45 1895 79 1957 O.
96 1896 169 1957 filio
183 1895 492 1975 suodespondisset‚
508 1897 686 1957 accessisse
710 1896 752 1956 ad
777 1895 933 1958 Crassum
956 1915 1069 1956 consu-

47 1981 135 2042 lendi
151 1980 255 2042 causa
265 1980 430 2058 quendam
444 1982 650 2042 rusticanum
663 2002 671 2051 3
694 1982 748 2059 qui
765 1981 839 2041 o'i1m
850 1978 1008 2040 Crassum
1022 1999 1067 2040 se·

46 2065 204 2135 duxisset,
220 2072 320 2143 atque
341 2064 384 2125 ad
406 2085 483 2126 eum
505 2065 678 2136 retulisset,
694 2084 949 2145 responsumque
972 2064 1071 2126 abeo

47 2170 164 2211 verum
179 2147 288 2225 magis
299 2150 396 2228 quam
412 2149 455 2210 ad
467 2168 562 2209 suam
577 2169 646 2209 rem
659 2148 943 2210 accommodatum
958 2148 1069 2211 abstu-

48 2234 158 2305 lisset3
185 2241 224 2294 ut
239 2252 316 2294 eum
339 2235 466 2305 tristem
487 2232 597 2294 Galba
612 2232 703 2305 vidit,
726 2235 856 2295 nomine
878 2234 1071 2314 appellavit,

46 2318 274 2397 quaesivitque,
285 2317 349 2396 qud
364 2317 404 2378 de
419 2337 454 2380 re
471 2317 513 2378 ad
524 2317 679 2378 Crassum
694 2318 877 2379 retulisset:
901 2338 942 2380 ex
956 2338 1020 2397 quo
1034 2326 1072 2378 ut

48 2402 186 2473 audivit,
200 2411 463 2481 commotumque
479 2411 515 2462 ut
531 2401 621 2462 videt
643 2400 818 2472 hominem,
833 2401 1007 2482 Suspenso,
1023 2404 1070 2463 in·

47 2489 115 2566 quit
133 2486 248 2546 animo
264 2493 296 2546 et
312 2497 474 2567 occupato
488 2484 644 2546 Crassum
658 2485 718 2546 tibi
733 2486 937 2566 respondisse
953 2486 1070 2548 video:

13 2576 16 2583 ’
47 2570 165 2632 deinde
189 2570 297 2648 ipsum
313 2568 467 2632 Crassum
484 2589 585 2631 manu
601 2569 781 2650 prehendit,
797 2579 839 2640 et,
855 2569 948 2630 Heus
963 2579 1009 2641 tu,
1024 2571 1071 2631 in·

47 2657 125 2734 quit,
142 2653 223 2733 quid
244 2653 306 2715 tibi
332 2655 366 2715 in
381 2664 525 2716 mentem
540 2655 632 2716 venit
655 2655 703 2714 ita
725 2650 941 2732 respondere?
985 2652 1072 2714 Tum

47 2740 100 2802 ille
116 2739 270 2809 fidenter,
292 2737 390 2800 homo
412 2740 637 2819 peritissimus,
661 2737 865 2806 confirmare,
881 2737 930 2797 ita
944 2757 978 2799 se
1002 2757 1071 2800 rem

48 2824 183 2894 habere,
196 2832 232 2883 ut
247 2823 486 2904 respondisset3
509 2843 569 2884 nec
585 2822 720 2885 dubium
733 2841 805 2884 esse
820 2840 925 2903 posse.
962 2821 1073 2885 Galba

48 2920 163 2971 autem
179 2907 330 2968 alludens
341 2908 433 2968 varie
450 2917 483 2970 et
498 2908 638 2988 copiose,
649 2908 771 2969 multas
782 2907 1013 2970 similitudines
1024 2908 1072 2969 af·
1122 2952 1127 2965 .

48 2992 144 3065 serre,
166 2991 339 3071 multaque
364 3012 422 3072 pro
445 2993 600 3072 aequitate
617 3001 731 3053 contra
748 2994 804 3071 jus
818 2992 946 3056 dicere:
973 3001 1072 3071 atque

13 3152 15 3159 Ι
48 3079 152 3148 illum,
169 3077 246 3137 cum
268 3076 455 3138 disserendo
478 3097 539 3158 par
562 3097 721 3139 essenon
744 3086 854 3158 posset
872 3079 1071 3158 (quanquam

13 3171 18 3193 ’
49 3163 109 3224 suit
126 3160 268 3222 Crassus
283 3162 317 3222 in
333 3181 470 3223 numero
485 3162 687 3233 disertorum,
703 3162 760 3223 sed
775 3183 836 3243 par
849 3162 966 3224 Galbae
981 3162 1072 3222 nullo

49 3245 171 3324 modo),
188 3244 231 3305 ad
253 3254 407 3307 auctores
422 3246 617 3324 confugisse,
633 3256 666 3308 et
688 3246 730 3316 id,
746 3245 833 3324 quod
854 3247 924 3324 ipse
940 3245 1072 3316 diceret,

50 3341 82 3392 et
106 3333 141 3393 in
157 3329 203 3410 P„
212 3328 326 3401 Mucii,
348 3330 461 3392 fratris
483 3334 543 3403 sui,
559 3330 660 3401 libris,
675 3338 708 3390 et
731 3330 765 3388 in
791 3327 866 3388 Sex.
883 3325 963 3387 AElii
986 3347 1072 3388 corn-

50 3414 231 3486 mentariiS,
257 3414 415 3495 scriptum
445 3417 628 3497 protulisse,
654 3432 694 3473 ac
724 3419 837 3472 tamen
864 3412 1072 3484 concessisse,

50 3498 167 3562 Galbae
188 3498 445 3580 disputationem
468 3500 530 3562 sibi
554 3496 759 3581 probabilem
781 3504 814 3558 et
837 3496 937 3579 prope
957 3515 1073 3558 veram

52 3584 163 3645 videri.

93 3667 193 3730 LVII.
217 3666 384 3743 Attamen,
400 3689 474 3750 quae
490 3688 599 3731 eausae
615 3675 692 3728 sunt
713 3667 882 3746 ejusmodi,
897 3674 934 3727 ut
956 3664 996 3726 de
1019 3684 1073 3725 ea-

13 3752 23 3797 l
51 3773 124 3814 rum
141 3754 218 3830 jure
243 3752 379 3815 dubium
403 3774 475 3816 esse
499 3774 564 3815 non
579 3754 690 3834 possit,
705 3752 838 3815 omnino
857 3753 891 3812 in
910 3749 1074 3829 judicium

53 3836 166 3899 vocari
180 3856 247 3898 non
263 3838 378 3899 solent.
423 3837 514 3900 Num
537 3841 610 3918 quis
634 3857 673 3899 eo
696 3840 905 3908 testamento,
914 3835 1002 3916 quod
1016 3853 1073 3917 pa-
