2444 4276
369 319 409 361 os
429 319 573 363 omrorn
592 319 682 362 mna
701 319 838 362 rearma
1051 304 1116 363 200

137 465 224 530 LIX.
256 464 379 529 Omnes
394 475 507 530 autem
521 466 579 530 hos
593 475 701 530 motus
715 442 869 547 subse'qui
883 465 980 529 debet
994 476 1116 545 gestus,

88 571 162 614 non
184 551 239 613 hic
259 551 363 613 verba
377 553 571 632 exprimens,
591 552 749 625 scenicus,
771 549 829 613 scd
843 552 1032 613 universam
1046 571 1117 614 rem

89 645 130 699 et
155 637 366 709 sententiam,
389 656 453 698 non
482 636 768 709 demonstratione,
794 634 852 698 sed
876 633 1116 714 significatione

91 721 282 792 declarans,
296 720 438 783 laterum
460 720 634 783 inflexione
656 719 720 783 hac
735 720 811 783 forti
826 740 866 782 ac
882 720 979 792 vir'ili,
993 739 1058 781 non
1073 720 1117 783 ab

91 806 198 867 scend
218 813 252 866 et
271 803 491 877 histrionibus
513 805 570 868 sed
585 805 628 867 ab
644 806 753 879 armis,
769 815 828 866 aut
850 807 952 866 etiam
966 824 988 865 a
1002 804 1117 883 palaes·

91 889 156 950 tra
203 888 327 951 Manus
351 898 465 951 autem
493 891 601 952 minus
625 898 756 968 arguta,
781 889 892 967 digitis
917 888 1117 966 subsequens

92 972 212 1045 verba,
235 993 300 1035 non
324 975 528 1054 exprimens:
551 973 722 1036 brachium
745 974 911 1056 procerius
926 974 1117 1054 projectum,

93 1058 194 1138 quasi
208 1056 372 1137 quoddam
385 1058 489 1120 telum
502 1058 680 1122 orationis:
703 1059 867 1140 supplosio
885 1057 978 1140 pedis
992 1059 1028 1119 in
1042 1080 1116 1122 con·

92 1142 300 1204 tentionibus
315 1152 374 1204 aut
387 1142 580 1223 incipiendis
595 1153 654 1205 aut
668 1143 828 1205 finiendis.

37 1228 86 1281 ‘f
140 1225 209 1288 Sed
224 1227 257 1286 in
272 1246 327 1288 ore
348 1236 425 1288 sunt
445 1228 568 1289 omnia.
611 1227 648 1289 ln
663 1248 702 1289 eo
717 1236 830 1290 autem
845 1228 917 1308 ipso
931 1225 1119 1290 dominatus

94 1320 148 1373 est
173 1311 279 1372 omnis
302 1311 490 1384 oculorum3
512 1312 576 1390 quo
601 1312 718 1374 melius
743 1312 843 1373 nostri
866 1311 914 1372 illi
936 1329 1039 1385 senes,
1061 1313 1117 1392 qui

94 1404 312 1476 personatum
323 1415 364 1456 ne
376 1394 531 1458 Roscium
541 1396 673 1475 quidem
683 1416 805 1474 magno
815 1415 912 1476 opere
924 1395 1115 1457 laudabant.

95 1479 212 1541 Animi
227 1487 277 1540 est
292 1480 380 1541 enim
395 1482 501 1542 omnis
514 1481 603 1543 actio
616 1504 624 1553 3
640 1490 673 1543 et
687 1482 799 1558 imago
815 1481 917 1542 animi
931 1480 1043 1542 vultus
1058 1488 1117 1552 est,

94 1556 223 1625 indlhes
238 1564 345 1626 oculi:
367 1583 446 1626 nam
461 1564 531 1626 haee
547 1574 596 1627 est
611 1584 768 1646 unapars
781 1566 1117 1646 corporiS,quae,quot

95 1649 203 1709 animi
224 1657 332 1711 motus
353 1658 438 1721 sunt,
453 1658 503 1711 tot
524 1649 781 1728 significationes
796 1659 829 1710 et
844 1651 1117 1712 commutationes

93 1732 200 1813 possit
223 1731 374 1795 efficere:
396 1753 502 1814 neque
525 1734 604 1795 vero
630 1742 680 1795 est
705 1735 887 1814 quisquam,
910 1735 975 1812 qui,
989 1723 1117 1796 'eadem

95 1824 266 1888 contuens
291 1815 423 1879 efficiat.
478 1815 722 1898 Theophrastus
750 1817 891 1896 quidem,
921 1817 1117 1880 Tauriscum

95 1900 274 1980 quendam,
297 1900 388 1972 dixit,
411 1911 558 1965 actorem
582 1921 736 1963 aversum
758 1902 891 1964 solitum
910 1920 980 1964 esse
996 1901 1116 1975 dicere,

94 1985 154 2064 qui
177 1986 212 2046 in
234 1984 372 2063 agendo,
396 1995 554 2048 contuens
574 1986 707 2065 aliquid,
721 1987 957 2067 pronuntiaret.
1002 1984 1116 2061 Quare

94 2068 268 2132 oculorum
279 2077 330 2131 est
344 2089 468 2147 magna
482 2070 685 2132 moderatio:
707 2090 786 2134 nam
800 2073 865 2132 oris
879 2090 944 2131 non
959 2078 1009 2132 est
1023 2071 1124 2132 nimi-·

95 2154 155 2214 um
169 2152 331 2216 mutanda
341 2155 477 2236 species,
488 2174 530 2216 ne
545 2164 604 2217 aut
618 2154 661 2216 ad
675 2156 826 2237 ineptias,
841 2164 900 2218 aut
914 2153 958 2216 ad
972 2156 1116 2237 pravita-

95 2247 165 2299 tem
181 2238 337 2318 aliquam,
348 2238 544 2301 deferamur.
574 2239 671 2302 Oculi
685 2248 770 2313 sunt,
781 2259 918 2320 quorum
928 2249 1001 2302 tum
1011 2241 1116 2302 inten-

95 2323 198 2393 tione,
212 2332 284 2384 tum
299 2314 498 2395 remissione,
510 2333 580 2385 tum
595 2321 756 2404 conjectu,
770 2334 843 2386 tum
857 2314 1034 2396 hilaritate,
1050 2343 1116 2386 mo-

94 2414 152 2467 tus
177 2408 361 2469 animorum
383 2407 606 2485 significemus
629 2409 706 2489 apte
730 2427 806 2469 cum
823 2429 944 2487 genere
959 2409 1030 2488 ipso
1044 2427 1116 2470 ora

94 2491 217 2563 tionis:
240 2500 289 2553 est
309 2494 399 2554 enim
413 2494 501 2553 actio
516 2494 611 2572 quasi
625 2512 732 2554 sermo
747 2493 910 2574 corporis3
933 2511 996 2571 quo
1011 2489 1118 2569 magis

95 2576 202 2636 menti
216 2594 400 2655 congruens
415 2594 486 2637 esse
501 2576 608 2639 debet.
652 2574 773 2638 Oculos
789 2585 902 2636 autem
923 2584 1045 2635 natura
1063 2593 1117 2635 no-

95 2657 157 2730 bis,
181 2667 219 2721 ut
241 2679 325 2740 equo
348 2669 382 2723 et
404 2661 492 2722 leoni
510 2660 621 2739 jubae,
642 2659 793 2731 caudam,
816 2677 923 2729 auree,
942 2657 986 2720 ad
1009 2668 1117 2719 motus

96 2744 284 2805 animorum
299 2745 523 2817 declarandos,
538 2745 635 2807 dedit.
673 2742 796 2819 Quare,
811 2745 845 2804 in
860 2741 924 2803 hac
938 2743 1049 2803 nostra
1063 2762 1118 2804 ac·

95 2829 197 2900 tione,
221 2829 399 2890 secundum
422 2848 547 2900 vocem,
568 2829 678 2890 vultus
699 2828 811 2890 valet:
834 2829 862 2889 is
886 2835 998 2889 autem
1014 2826 1117 2889 oculis

96 2911 311 2990 gubernatur.
355 2913 464 2994 Atque
488 2914 523 2975 in
545 2914 586 2975 iis
600 2914 760 2986 omnibus
774 2932 847 2993 quae
866 2917 944 2974 'sunt
969 2913 1117 2985 actionis,
1154 2944 1159 2955 ·

96 2997 184 3058 inest
205 2995 355 3077 quaedam
370 3000 421 3059 vis
443 3017 465 3058 a
485 2998 605 3060 naturai
626 2998 725 3061 data:
747 3018 849 3078 quare
864 2997 966 3059 etiam
980 2995 1043 3059 hac
1059 2999 1118 3059 im·

97 3082 207 3161 periti,
229 3079 293 3143 hac
316 3082 446 3160 vulgus,
469 3080 533 3143 hac
556 3081 697 3162 denique
715 3078 858 3154 barbari,
874 3082 1015 3143 maxime
1032 3103 1117 3144 com·

97 3174 281 3226 moventur.
326 3165 440 3228 Verba
463 3168 552 3230 enim
580 3171 745 3230 neminem
772 3175 915 3238 movent,
940 3165 1004 3226 nisi
1030 3185 1116 3237 eum,

97 3249 155 3328 qui
179 3249 326 3328 ejusdem
349 3251 472 3329 linguae
495 3252 654 3314 societate
679 3253 874 3328 conjunctus
897 3258 965 3322 est3
988 3261 1116 3311 senten·

97 3334 219 3412 tiaeque
234 3335 321 3414 saepe
333 3345 441 3397 acutae
455 3354 522 3396 non
537 3331 710 3397 aeiitorum
724 3332 892 3396 hominum
907 3353 1022 3396 sensus
1036 3354 1116 3416 prae-

97 3416 284 3479 tervolant:
308 3420 404 3490 actio,
419 3438 492 3498 quae
507 3438 575 3500 prae
599 3438 634 3480 se
657 3428 783 3480 motum
798 3418 900 3480 animi
916 3416 988 3490 fert,
1003 3438 1117 3480 omnes

99 3510 231 3563 movet:
253 3502 370 3565 iisdem
392 3505 482 3566 enim
505 3504 650 3565 omnium
670 3503 772 3564 animi
793 3503 935 3566 motibus
950 3505 1115 3564 concitan-

98 3595 174 3657 tur3
198 3594 231 3647 et
254 3606 311 3648 eos
334 3586 450 3649 iisdem
473 3588 559 3649 notis
579 3595 612 3649 et
636 3589 670 3648 in
685 3587 759 3648 aliis
774 3596 967 3665 agnoscunt,
982 3596 1016 3648 et
1031 3587 1065 3647 in
1080 3605 1115 3647 se

98 3670 162 3750 ipsi
177 3669 333 3732 indicant.

143 3752 211 3816 LX.
237 3754 290 3816 Ad
309 3756 449 3818 actionis
472 3766 584 3818 autem
604 3774 700 3817 usum
726 3763 826 3835 atque
850 3753 992 3826 laudem,
1013 3755 1115 3816 maxi·

577 3841 635 3899 18*
