2434 4286
306 334 347 378 oa
367 334 510 378 aaaron
530 334 619 378 nana
641 334 802 382 ammom.
1027 320 1071 382 ot

45 481 119 546 bum
134 482 275 562 aliquod
290 492 342 545 est
356 483 563 547 scribendum
578 485 682 556 nobis,
696 488 792 548 toties
807 487 879 566 ejus
891 486 983 549 verbi
999 486 1070 550 lite·

43 587 85 630 ra
100 578 181 630 sunt
198 569 399 646 cogitatione
416 568 663 648 conquirendae;
687 591 747 633 nec
763 573 890 651 quoties
906 591 1009 634 causa
1024 573 1069 635 di-

44 652 150 713 cenda
165 662 227 724 est,
243 655 341 717 toties
357 652 399 713 ad
422 655 493 732 ejus
509 673 618 715 causa
641 656 784 735 seposita
802 666 999 734 argumenta
1022 678 1069 720 re-

43 738 132 804 volvi
148 756 211 798 nos
226 747 373 817 oportet:
397 737 454 799 sed
470 737 590 799 habere
607 753 713 800 certos
728 740 825 812 locos,
836 742 902 820 qui,
917 751 953 802 ut
965 741 1070 805 litera

17 837 20 843 ·
44 821 84 882 ad
100 821 245 883 verbum
261 821 479 893 scribendum,
494 824 540 884 sic
557 824 605 885 illi
620 822 662 884 ad
678 844 815 886 causam
830 826 1070 906 explicandam,

44 909 156 968 statim
184 915 370 967 occurrant.
415 905 481 969 Sed
502 906 535 968 hi
558 909 622 969 loci
647 910 678 968 ei
700 907 832 971 demum
855 912 976 971 oratori
999 931 1070 991 pre-

44 990 134 1052 desse
159 1000 311 1072 possunt,
326 992 382 1070 qui
404 1000 453 1053 est
468 1003 620 1053 versatus
641 993 676 1053 in
692 993 796 1066 rebus,
812 995 866 1056 vel
886 1014 956 1065 usu,
971 1014 1070 1074 quem

43 1086 124 1137 aetas
147 1075 292 1154 denique
309 1074 424 1148 affert3
446 1077 500 1138 vel
526 1076 692 1139 auditione
716 1088 749 1139 et
773 1081 982 1157 cogitatione,
997 1099 1070 1160 quae

43 1161 154 1241 studio
167 1168 204 1222 et
219 1159 390 1238 diligentia
410 1164 580 1241 praecurrit
595 1170 736 1223 aetatem.
782 1163 871 1224 Nam
886 1165 913 1225 si
935 1173 972 1225 tu
991 1164 1070 1227 mihi

43 1248 199 1324 quamvis
220 1245 384 1306 eruditum
406 1246 572 1307 hominem
587 1246 770 1318 adduxeris,
785 1250 935 1326 quamvis
958 1268 1070 1310 acrem

42 1339 75 1390 et
89 1340 234 1392 acutum
250 1331 284 1390 in
300 1330 484 1407 cogitando,
499 1334 651 1411 quamvis
667 1331 709 1392 ad
724 1331 1000 1411 pronuntiandum
1015 1352 1069 1394 ex·

42 1414 206 1494 peditum,
221 1415 250 1474 si
265 1415 327 1476 erit
342 1415 429 1475 idem
444 1418 478 1476 in
493 1415 728 1477 consuetudine
744 1417 897 1486 civitatis,
912 1416 946 1476 in
962 1436 1069 1477 exem·

43 1499 114 1579 plis,
126 1501 164 1560 in
180 1500 349 1570 institutis
360 1501 395 1560 in
410 1501 555 1561 moribus
571 1521 610 1562 ac
624 1500 848 1562 voluntatibus
863 1503 985 1562 civium
997 1521 1069 1562 suo·

43 1603 115 1644 rum
131 1584 266 1664 hospes.
281 1604 345 1645 non
360 1584 500 1646 multum
515 1587 546 1646 ei
562 1586 625 1646 loci
640 1583 816 1665 proderunt
831 1586 887 1656 illi,
900 1587 1070 1664 exquibus

41 1679 250 1748 argumenta
264 1679 465 1749 promuntur.
510 1668 656 1732 Subacto
671 1669 752 1731 mihi
767 1670 899 1747 ingenio
914 1690 996 1751 opus
1011 1679 1070 1742 est,

41 1762 78 1815 ut
100 1774 189 1832 agro
205 1772 271 1813 non
285 1754 388 1814 semel
404 1762 507 1825 arato,
522 1754 580 1815 sed
595 1763 716 1816 novato
732 1762 764 1814 et
782 1755 910 1826 iterato,
925 1755 989 1834 qud
1004 1775 1071 1817 mc·

41 1838 141 1901 liores
153 1838 259 1900 soetus
274 1840 375 1918 possit
391 1847 424 1899 et
439 1838 633 1917 grandiores
644 1837 750 1901 edere.
788 1837 947 1901 Subactio
959 1848 1072 1901 autem

40 1932 91 1986 est
107 1943 205 1995 usae,
221 1923 354 1994 auditio,
370 1924 476 1994 lectio,
491 1924 604 1984 literae.
922 1948 927 1955 ¹

83 2009 138 2070 Ac
154 2008 302 2089 primirm
316 2017 470 2069 naturam
485 2027 595 2069 causae
610 2006 732 2079 videat,
752 2027 824 2087 quae
840 2027 1008 2088 nunquam
1025 2008 1071 2069 la·

40 2101 108 2166 tet3
134 2092 311 2154 factumne
326 2095 377 2165 sit,
399 2100 575 2171 quaretur,
590 2112 643 2164 an,
657 2093 757 2172 quale
772 2094 823 2164 sit,
839 2110 893 2166 an,
907 2094 993 2172 quod
1014 2114 1071 2156 no·

41 2196 119 2240 men
143 2177 295 2239 habeat:
324 2196 388 2256 quo
414 2186 594 2257 perspecto,
620 2178 732 2238 statim
757 2179 898 2239 occurrit
926 2178 1072 2242 naturali

40 2263 193 2344 quadam
209 2260 392 2342 prudentia,
407 2281 472 2322 non
493 2261 544 2323 his
559 2261 827 2323 subductionibus
842 2281 925 2342 quas
940 2265 996 2324 isti
1017 2262 1072 2324 do·

42 2358 130 2420 cent,
140 2345 227 2427 quid
242 2345 345 2408 faciat
356 2365 502 2418 causam,
514 2345 547 2406 id
562 2357 622 2418 est,
633 2366 696 2425 quo
708 2346 838 2424 sublato
849 2348 1072 2409 controversia

41 2432 132 2496 stare
150 2451 222 2494 non
237 2432 356 2510 possit:
378 2430 506 2503 deinde,
520 2431 598 2510 quid
614 2432 727 2492 veniat
750 2432 790 2507 in
804 2431 976 2509 judicium,
987 2430 1073 2510 quod

40 2519 95 2579 isti
112 2519 163 2578 sic
184 2514 305 2594 jubent
319 2535 485 2595 quaerere:
512 2514 678 2577 Interfecit
694 2513 842 2594 Opimius
863 2513 1071 2575 Gracchum:

40 2602 122 2683 quid
146 2600 236 2662 facit
259 2597 417 2661 causam?
448 2598 534 2678 qued
560 2601 607 2660 rei
632 2599 773 2680 publicae
800 2599 1006 2669 causacum
1031 2617 1073 2660 ex

39 2684 337 2749 senatusconsulto
352 2684 394 2745 ad
410 2704 504 2746 arma
518 2685 685 2746 vocasset:
708 2682 769 2743 hoe
786 2682 874 2754 tolle,
890 2702 992 2743 causa
1007 2702 1073 2744 non

40 2772 115 2834 erit.
166 2770 215 2832 At
239 2767 272 2829 id
294 2770 402 2850 ipsum
417 2777 517 2847 negat
540 2768 760 2845 contra‘leges
784 2766 915 2829 licuisse
939 2765 1071 2830 Decius.

41 2854 173 2920 Veniet
190 2854 293 2932 igitur
306 2856 339 2915 in
350 2853 522 2932 Judioium,
534 2852 707 2914 licueritne
723 2872 764 2913 ex
780 2851 1072 2924 senatusconsulto,

40 2940 225 3004 servanda
248 2938 296 3000 rei
317 2938 458 3017 publicae
473 2937 583 3000 causa.
628 2937 807 3019 Perspicua
822 2947 896 2999 sunt
919 2936 988 2997 hac
1004 2937 1072 3014 qui·

40 3025 132 3096 dem,
149 3033 186 3086 et
214 3024 248 3083 in
271 3023 402 3100 vulgari
426 3021 599 3104 prudentia
622 3024 713 3093 sita3,
728 3021 786 3083 sed
807 3023 866 3083 illa
887 3019 1073 3101 quaerenda,

39 3131 117 3191 quae
135 3108 183 3170 ab
198 3117 390 3169 accusatore
403 3116 436 3168 et
451 3127 474 3168 a
483 3106 652 3168 defensore
665 3114 872 3184 argumenta,
882 3105 925 3165 ad
936 3104 979 3174 id,
988 3103 1073 3184 qood

40 3197 75 3257 in
87 3193 263 3275 Judicium
277 3192 378 3261 venit,
394 3193 590 3273 spectantia,
605 3192 747 3252 debeant
763 3188 883 3250 afferri.

11 3308 13 3323 ’
82 3276 214 3344 XXXI.
238 3277 347 3356 Atque
362 3275 414 3337 hic
430 3272 511 3337 illud
526 3275 704 3337 videndum
719 3282 778 3344 est,
799 3274 833 3333 in
849 3290 912 3350 quo
928 3289 1074 3334 summus

39 3375 93 3429 est
119 3381 217 3426 error
240 3363 377 3423 istorum
391 3361 623 3439 magistrorum
639 3359 682 3421 ad
703 3377 784 3438 quos
806 3356 924 3419 liberos
946 3366 1073 3418 nostros

37 3449 223 3519 mittimus
238 3465 304 3509 non
318 3444 382 3525 quo
396 3445 458 3508 hoc
473 3444 604 3525 quidem
620 3442 662 3505 ad
684 3441 858 3505 dicendum
874 3442 1074 3524 magnopere

37 3536 228 3620 pertineat,
239 3529 298 3591 sed
312 3540 426 3592 tamen
441 3539 479 3591 ut
493 3529 644 3600 videatis,
655 3529 753 3608 quam
768 3529 810 3588 sit
824 3546 929 3606 genus
944 3525 1005 3589 hoc
1021 3547 1074 3589 eo·

35 3641 132 3693 rum,
145 3618 207 3699 qui
230 3615 292 3677 sibi
307 3614 426 3679 eruditi
451 3613 612 3685 videntur,
634 3611 735 3675 hebes
757 3621 855 3692 atque
879 3612 1072 3690 impolitum.

35 3705 265 3768 constituunt
287 3701 385 3772 enim,
406 3700 441 3760 in
464 3698 645 3778 partiendis
667 3697 852 3785 orationum
873 3695 986 3766 modis,
1008 3695 1073 3756 duo

36 3808 175 3872 genera
192 3803 391 3850 causarum:
413 3801 518 3845 unum
532 3781 711 3862 appellent,
732 3782 767 3840 in
789 3797 862 3858 quo,
876 3778 946 3836 sine
964 3794 1073 3855 perso·
