2444 4276
354 371 806 419 monaronmmmm
935 360 937 364 ‘
1027 360 1085 419 im

64 527 99 583 et
121 518 267 580 lauimus
290 518 361 599 ipsi.
405 516 442 580 ln
464 519 603 600 propriis
625 529 677 582 ¹ast
697 520 797 598 igitur
811 519 920 589 uerbis
937 521 1003 583 illa
1015 523 1089 586 laus

63 604 216 681 oratoris,
228 610 266 663 ut
286 601 421 680 abjecta
441 614 541 682 atque
564 603 712 666 obsoleta
733 603 850 682 fugiat,
873 605 967 667 lectis
989 615 1087 687 atque

64 686 250 749 illustribus
272 696 394 758 utatur,
409 688 443 749 iu
461 687 579 766 quibus
594 684 728 769 pianum
743 688 897 767 quiddam
912 698 946 750 et
968 710 1088 753 sonans

63 773 176 833 inesse,
189 769 351 831 videatur.
394 769 470 843 Sed,
486 771 521 831 in
542 772 603 832 hoo
619 772 794 834 verborum
811 793 931 850 genere
945 776 1088 855 proprio·

63 875 148 926 rum,
172 853 323 916 delectus
349 864 398 915 est
423 855 557 934 quidam
581 855 761 928 habenduS,
784 866 883 936 atque
907 859 935 919 is
957 861 1085 921 aurium

62 939 209 1019 quodam
227 938 352 1017 judicio
367 938 618 1019 ponderandus3
640 941 753 1020 inquo
768 942 970 1004 consuetudo
986 945 1087 1005 etiarn

62 1023 147 1084 beno
162 1022 321 1102 loquendi
334 1024 426 1084 valet
441 1016 628 1104 pliirimiim.
673 1023 786 1086 Etiam
800 1025 871 1098 hoo,
886 1025 972 1106 quod
987 1027 1087 1105 vulgo

62 1106 102 1169 de
118 1106 306 1171 oratoribus
321 1106 364 1168 ab
379 1108 538 1188 imperitis
552 1108 618 1170 diei
632 1110 724 1179 solet,
737 1107 835 1169 Bonis
850 1109 878 1169 ir
893 1110 1003 1183 verbio,
1018 1122 1086 1186 aut,

61 1191 183 1272 aliquia
197 1211 260 1252 non
275 1191 361 1251 bouis
376 1191 485 1263 utitur,
500 1212 563 1253 non
584 1203 656 1255 arte
672 1193 781 1272 aliqua
795 1193 1014 1274 perpenditur,
1027 1195 1087 1258 sed

60 1275 209 1355 quodam
234 1276 328 1354 quasi
351 1276 497 1336 naturali
526 1296 624 1337 sensu
647 1277 842 1354 judicatur:
872 1279 907 1338 in
931 1297 995 1356 quo
1020 1299 1087 1341 non

61 1379 188 1438 magna
201 1359 276 1420 laus
291 1367 340 1420 est
355 1360 461 1420 vitare
477 1360 604 1432 vitium,
626 1362 839 1441 (quamquam
864 1360 898 1421 id
921 1370 970 1421 est
995 1381 1086 1441 mag·

61 1463 143 1505 num
156 1444 180 1522 3)
205 1444 320 1504 verimi
342 1442 403 1505 hoo
425 1444 520 1521 quasi
541 1434 647 1505 slilum
662 1443 825 1524 quoddam
847 1452 946 1523 atque
969 1444 1084 1508 funda·

61 1537 215 1589 mentum
237 1536 296 1598 est,
319 1526 493 1588 verborum
515 1546 594 1589 usus
618 1538 651 1590 et
676 1529 772 1610 eopia
797 1527 965 1589 bonorum.
1011 1529 1085 1601 Sed,

60 1611 140 1691 quid
156 1613 228 1691 ipse
242 1576 384 1672 adiiioet
405 1620 529 1683 orator,
539 1620 573 1674 et
596 1613 630 1672 in
653 1632 717 1691 quo
739 1612 900 1691 adjungat
922 1621 1037 1687 artem,
1053 1615 1086 1675 id

61 1716 133 1758 essa
150 1715 174 1755 a
189 1695 283 1755 nobis
298 1693 510 1774 quaerendum
524 1705 625 1775 atque
641 1696 873 1778 explicandum
888 1697 1027 1759 videtur.

7 1822 8 1825 =
102 1778 287 1842 XXXVIII.
310 1780 391 1841 Tria
406 1787 481 1841 sunt
495 1780 594 1858 igitur
605 1782 639 1841 in
650 1781 750 1843 verbo
766 1781 914 1861 simplici,
926 1802 998 1861 quae
1013 1802 1084 1843 ora·

59 1871 111 1926 tor
134 1863 258 1924 afferat
281 1865 323 1925 ad
346 1864 574 1926 illustrandam
597 1874 695 1943 atque
718 1864 942 1926 exornandam
967 1868 1085 1927 oratio·

60 1968 138 2009 nem
153 1970 162 2019 3
186 1956 246 2008 aut
268 1948 464 2009 inusitatum
479 1949 626 2019 verbum,
642 1958 700 2010 aut
722 1959 890 2021 novatum,
905 1958 963 2011 aut
978 1960 1082 2011 trans-

60 2032 179 2093 latum.
225 2030 386 2093 Inusitata
401 2040 477 2093 sunt
498 2035 606 2112 prisea
621 2031 688 2093 fere
704 2053 744 2094 ao
759 2043 901 2106 vetusta,
917 2042 950 2096 et
965 2033 1007 2095 ab
1022 2054 1084 2096 usu
1157 2057 1160 2065 ·

59 2115 246 2197 quotidiani
261 2118 419 2178 sermonis
428 2116 558 2194 jamdiu
573 2118 768 2191 intermissa,
783 2137 855 2198 quae
876 2127 951 2180 sunt
973 2123 1083 2201 poiita-

58 2221 135 2263 rum
152 2201 303 2261 *lieentia
325 2200 488 2271 liberiora,
510 2200 607 2279 quam
629 2211 767 2264 nostrae:
789 2201 847 2263 sed
869 2212 982 2265 tamen
1009 2203 1084 2265 raro

56 2283 164 2346 habet
188 2285 291 2345 etiam
312 2285 347 2345 in
366 2286 514 2345 oratione
537 2286 701 2365 poeticum
717 2285 848 2365 aliquod
862 2287 999 2349 verbum
1015 2287 1083 2366 dig-

57 2371 214 2431 nitatern
259 2365 375 2447 Neque
391 2370 480 2430 enim
500 2368 582 2430 illud
603 2368 744 2448 fugerim
759 2371 877 2442 dicere,
892 2382 929 2433 ut
951 2371 1082 2443 uoltus,

60 2453 139 2526 Qua
164 2461 339 2533 tempestate
355 2451 474 2513 Panos
488 2450 523 2513 in
537 2451 668 2514 Italiam
681 2452 787 2524 oenit;
810 2474 867 2516 nee
882 2454 1013 2536 prolem,
1028 2466 1083 2516 out

56 2536 201 2609 sobolem,
227 2543 287 2596 aut
314 2535 415 2618 effari,
444 2545 504 2598 aut
532 2536 737 2617 nuncupari:
770 2548 901 2610 aut—ut
927 2546 972 2599 tu¹
989 2540 1082 2613 solen,

57 2621 192 2692 Catule,
207 2639 269 2680 non
290 2621 390 2691 rebar,
412 2629 470 2681 aut
492 2618 666 2702 opimium
690 2630 723 2681 et
745 2622 814 2682 alia
835 2622 949 2692 multa,
965 2621 1083 2701 quibus

56 2706 132 2768 loeo
149 2704 273 2787 positis,
288 2703 443 2781 grandior
454 2712 558 2784 atque
573 2706 737 2784 antiquior
750 2706 855 2767 oratio
876 2707 964 2786 sape
978 2705 1082 2767 videri

57 2790 155 2853 solet.
187 2787 362 2850 Novantur
377 2797 491 2850 autern
504 2787 616 2862 verba,
631 2808 704 2869 qua
720 2789 763 2850 ab
779 2809 827 2860 eo,
842 2789 898 2869 qui
911 2789 1000 2861 dicit,
1011 2791 1082 2872 ipso

57 2876 243 2954 gignuntur
256 2892 298 2934 ao
321 2872 412 2945 fiunt,
427 2872 480 2935 vel
495 2872 730 2952 conjungendis
744 2873 864 2946 verbio,
877 2884 914 2936 ut
929 2873 1019 2937 hae:

142 3062 146 3067 ·
171 3042 239 3093 Tum
247 3057 331 3109 pavor
341 3041 497 3109 sapientiam
508 3058 607 3094 omnem
617 3042 683 3095 milri
694 3043 841 3097 exanimato
853 3051 1008 3112 erpeetorat.
1033 3086 1047 3093 ,,

167 3122 241 3175 Num
252 3140 305 3174 non
315 3123 356 3175 vir
368 3123 447 3191 liujus
459 3141 499 3176 me
510 3125 701 3194 nasutiloquar
712 3126 897 3178 malitias——

58 3290 181 3354 videtis
196 3291 284 3352 enirn
299 3300 332 3351 et
347 3288 580 3370 versutiloquas,
595 3300 629 3352 et
643 3300 825 3374 expectorat,
841 3312 881 3353 ex
903 3294 1082 3371 conjuncti-

60 3396 124 3440 one
151 3374 243 3435 faota
268 3394 339 3436 esse
363 3374 475 3446 verba,
498 3394 564 3435 non
586 3384 675 3435 nata.
720 3374 782 3436 Vel
806 3376 892 3456 sape*
915 3378 984 3438 sine
1007 3396 1082 3439 oon·

62 3460 235 3540 J'unctione
251 3459 356 3520 verba
370 3468 544 3530 novantur,
559 3468 596 3519 ut
634 3457 687 3518 ille
707 3460 823 3532 senior,
845 3469 891 3531 ut,
913 3458 974 3521 Dii
993 3481 1082 3542 genr-

60 3544 149 3614 tales,
191 3553 228 3604 ut
253 3542 419 3608 baccorum
445 3543 581 3603 ubertate
606 3542 828 3605 incurvescere.
873 3543 1004 3606 Tertius
1026 3545 1081 3607 ille

61 3626 180 3691 modus
201 3627 420 3690 transferendi
443 3625 536 3688 verbi
559 3625 626 3687 late
652 3636 754 3706 patet,
779 3648 877 3708 quem
902 3631 1082 3690 necessitas

7 3782 8 3785 Ἴ
62 3714 191 3792 genuit,
204 3713 313 3793 inopii
327 3720 445 3774 coacta
459 3718 493 3772 et
513 3710 675 3788 angustiis
688 3734 696 3784 3
718 3711 790 3793 post
813 3722 925 3775 autern
940 3711 1085 3774 delecta

62 3798 110 3861 tio
128 3795 384 3876 jucunditasque
407 3795 596 3861 celebravit.
640 3793 740 3868 Nam,
761 3805 799 3860 ut
820 3794 1082 3874 vastia-frigoris
