2444 4276
364 364 405 409 »a
424 363 567 409 aaaron
588 364 678 407 amun
697 364 835 408 marus
1049 347 1111 407 1⁹⁷

91 530 228 577 versrnu
250 522 350 593 atque
374 521 520 585 cantum,
534 522 572 574 ut
597 520 631 574 et
653 511 829 577 verborum
849 530 994 585 numero,
1009 520 1042 575 et
1056 531 1109 575 vo·

91 618 169 661 eum
185 597 292 670 modo,
324 597 540 659 delectatione
572 598 742 658 vincerent
764 597 895 658 aurium
912 599 1110 659 satietatem

92 681 177 745 Haec
199 684 302 760 igitur
315 682 380 744 duo
412 684 501 743 vocis
514 682 587 743 dico
609 680 875 754 moderationem,
890 691 924 743 et
938 682 1113 744 verborum

92 767 361 844 conclusionem),
421 746 494 827 aad
505 767 663 828 orationis
685 768 844 828 severitas
869 769 939 848 pati
964 768 1075 849 possit,
1090 787 1113 829 a

91 852 223 933 poetica
238 851 281 912 ad
295 852 516 930 eloquentiam
531 850 735 912 traducenda
749 850 920 912 duxerunt.

135 934 172 997 ln
185 955 249 1014 quo
264 935 345 996 illud
359 944 409 996 est
420 936 475 997 vel
489 937 679 1006 maximum,
691 935 775 1014 quod
791 956 905 998 versus
916 937 950 997 in
965 938 1112 999 oratione

92 1021 120 1081 si
135 1018 278 1081 efficitur
290 1021 519 1098 conjunctione
531 1017 716 1091 verborum,
727 1021 845 1082 vitium
860 1029 928 1093 est3
951 1029 985 1082 et
998 1030 1112 1084 tamen

92 1123 170 1165 eam
186 1105 459 1182 conjunctionem,
475 1106 570 1166 sicuti
593 1124 734 1176 versum,
749 1105 920 1178 numerose
936 1105 1064 1177 cadere,
1079 1115 1113 1169 et

8 1234 9 1237 ,
92 1187 268 1268 quadrare,
294 1197 327 1249 et
356 1189 472 1268 perfici
501 1189 661 1250 volumus.
711 1188 828 1268 Neque
856 1197 905 1251 est
931 1210 973 1251 ex
1000 1192 1113 1252 multis

91 1292 146 1335 res
170 1292 248 1344 una,
263 1291 336 1351 quae
358 1273 465 1351 magis
488 1281 653 1335 oratorem
668 1272 711 1334 ab
734 1275 883 1352 imperito
905 1273 1043 1347 dicendi,
1065 1277 1112 1353 ig-

93 1377 241 1436 naroque
256 1357 446 1434 distinguat,
460 1358 559 1438 quam
573 1357 658 1437 quod
680 1358 736 1419 ille
752 1357 842 1419 rudis
863 1357 1026 1420 incondite
1040 1358 1112 1421 fun-

93 1439 151 1514 dit,
166 1450 328 1521 quantum
351 1450 467 1523 potest,
482 1450 517 1503 et
539 1442 581 1515 id,
596 1441 682 1522 quod
701 1442 790 1515 dicit,
804 1443 930 1523 spiritu,
945 1462 1008 1504 non
1032 1451 1112 1511 arte,

93 1524 311 1597 determinat3
335 1536 445 1588 orator
460 1537 574 1588 autem
595 1529 642 1588 sic
658 1527 770 1605 illigat·
783 1527 979 1588 sententiam
994 1525 1113 1633 vepbis,

92 1618 130 1671 ut
154 1630 231 1671 eam
255 1629 389 1672 numero
409 1611 551 1690 quodam
573 1612 819 1691 complectatur,
841 1620 876 1673 et
899 1592 1113 1673 adtrrtefo'et

19 1736 27 1767 ί
92 1694 212 1757 soluto.
256 1694 355 1767 Nam,
370 1696 446 1756 curn
461 1697 565 1756 vinxit
586 1695 690 1757 modis
705 1704 739 1756 et
757 1695 869 1768 forma,
884 1697 1012 1758 relaxat
1028 1705 1061 1759 et
1076 1695 1112 1757 li-

8 1812 10 1835 t
91 1778 190 1840 berat
203 1780 434 1841 immutatione
450 1779 579 1851 ordinis,
595 1789 632 1842 ut
646 1779 749 1841 verba
766 1784 872 1859 neque
888 1780 1027 1857 alligata
1048 1782 1112 1842 sint

91 1865 190 1943 quasi
206 1864 294 1926 certa
316 1864 426 1943 aliqua
439 1864 513 1942 lege
536 1866 658 1935 versus,
673 1883 778 1943 neque
801 1865 850 1926 ita
864 1865 982 1938 soluta,
997 1874 1034 1926 ut
1055 1885 1112 1926 va-

91 1957 224 2025 gentur.

134 2030 238 2094 XLV.
261 2031 417 2108 Quonam
428 2033 529 2112 igitur
539 2032 635 2094 modo
646 2038 775 2095 tantum
786 2051 907 2094 munus
916 2034 1112 2108 insistemus,

89 2125 129 2178 ut
146 2115 344 2179 arbitremur
358 2137 417 2179 nos
438 2117 523 2179 hanc
539 2118 607 2179 vim
628 2118 799 2180 numerose
814 2117 942 2179 dicendi
957 2121 1112 2198 consequi

90 2196 214 2281 pessel
251 2199 328 2263 Non
343 2212 392 2263 est
406 2222 458 2263 res
474 2212 546 2263 tam
560 2200 709 2276 difficilis
723 2203 820 2283 quam
835 2204 1042 2265 necessaria:
1064 2205 1110 2265 ni·

90 2283 139 2346 hil
164 2293 214 2346 est
235 2287 323 2346 enirn
339 2288 418 2347 'tam
440 2295 599 2358 tenerum,
614 2306 719 2367 neque
741 2295 812 2349 tam
833 2287 985 2361 flexibile,
1005 2308 1111 2368 neque

91 2368 180 2466 quod
203 2375 274 2432 tam
288 2368 386 2432 facile
406 2379 571 2450 sequatur,
586 2372 778 2450 quocunque
802 2371 913 2443 ducas,
928 2373 1026 2452 quam
1041 2393 1110 2434 ora-

90 2461 148 2515 tro.
195 2450 247 2514 Ex
268 2453 332 2516 hac
348 2475 470 2526 versus
486 2474 527 2517 ex
542 2455 657 2517 eidem
678 2455 824 2535 dispares
837 2458 966 2519 numeri
982 2456 1110 2518 confici·

90 2546 212 2609 untur3
235 2557 275 2599 ex
290 2537 353 2599 hac
365 2539 435 2601 haec
451 2541 553 2601 etiam
565 2540 674 2601 soluta
685 2541 787 2600 variis
797 2539 910 2611 modis,
921 2541 1110 2602 multorum·

90 2641 157 2701 que
183 2641 351 2698 generum,
375 2625 489 2686 oratio.
535 2623 612 2685 Non
629 2621 711 2686 'sunt
738 2625 826 2685 enim
851 2623 920 2706 alia
945 2625 1111 2697 sermonis,

91 2706 163 2767 alia
177 2709 395 2769 contentionis
410 2708 532 2770 verba:
555 2729 661 2788 neque
677 2728 718 2770 ex
733 2708 799 2768 alio
814 2728 934 2786 genere
950 2707 993 2769 ad
1014 2728 1111 2770 usum

90 2789 330 2871 quotidianum,
354 2793 419 2854 alio
444 2792 487 2854 ad
512 2812 646 2856 scenam
659 2833 661 2836 >
674 2812 892 2874 pompamque
917 2802 1110 2867 sumuntur;

90 2874 150 2936 sed
166 2894 281 2936 canos
296 2878 371 2939 cum
391 2878 541 2955 jacentia
556 2878 745 2940 sustulimus
759 2898 778 2941 e
793 2878 911 2951 medio,
926 2879 1010 2941 sicut
1031 2879 1106 2940 mol·

90 2959 252 3020 lissimam
268 2979 388 3032 ceram,
403 2961 446 3022 ad
461 2970 607 3024 nostrum
626 2964 798 3026 arbitrium
812 2961 991 3025 formamus
1005 2971 1038 3025 et
1053 2963 1110 3024 fin·

89 3043 210 3120 gimus.
254 3043 369 3124 Itaque
392 3055 465 3107 tum
488 3066 608 3124 graves
633 3067 755 3120 sumus,
777 3057 848 3109 tum
872 3048 1017 3119 subtiles,
1039 3057 1110 3110 tum

90 3127 238 3192 medium
253 3129 409 3208 quiddam
423 3134 591 3194 tenemus:
617 3134 664 3194 sic
680 3134 866 3195 institutam
880 3142 1025 3195 nostram
1039 3152 1110 3194 sen-

89 3212 232 3274 tentiam
247 3215 393 3292 sequitur
415 3217 571 3278 orationis
592 3237 714 3295 genus3
737 3216 833 3296 idque
849 3217 892 3278 ad
914 3237 1043 3279 omnem
1059 3237 1109 3278 ra·

90 3296 225 3369 tionem,
240 3306 273 3357 et
288 3299 418 3361 aurium
429 3301 643 3381 voluptatem,
655 3310 689 3363 et
704 3302 888 3363 animorum
896 3311 1031 3373 motum,
1040 3321 1109 3364 mu·

89 3387 183 3441 tatur
197 3389 230 3447 et
246 3383 391 3444 vertitur.

135 3463 210 3536 sed,
220 3474 259 3526 ut
272 3467 307 3528 in
322 3467 483 3547 plerisque
498 3466 596 3530 rebus
606 3467 840 3530 incredibiliter
849 3467 910 3532 hoc
925 3479 1046 3532 natura
1061 3480 1110 3534 est

90 3548 165 3630 ipsa
186 3547 371 3624 fabricata3
394 3553 441 3615 sic
463 3554 497 3614 in
518 3554 675 3626 oratione,
695 3561 732 3614 ut
758 3573 809 3626 ea,
830 3573 903 3633 quae
927 3556 1108 3617 maximam

90 3633 270 3697 utilitatem
284 3636 319 3697 in
333 3655 369 3698 se
384 3639 597 3709 continerent,
613 3637 730 3699 eadem
751 3637 910 3700 haberent
931 3639 1109 3718 plurimum

90 3717 146 3779 vel
161 3716 341 3796 dignitatis
355 3720 408 3781 vel
424 3722 510 3802 saepe
526 3723 627 3784 etiam
642 3724 835 3784 venustatis
872 3720 1109 3784 Incolumitatis

91 3820 132 3862 ac
147 3802 264 3865 salutis
278 3806 424 3866 omniurn
439 3805 541 3867 eausa
554 3806 703 3868 videmus
724 3804 812 3868 huno
826 3812 950 3866 statum
964 3823 1034 3864 esse
1049 3803 1106 3866 hu·

574 3891 632 3949 17*
