2434 4286
111 344 172 402 130
369 359 411 401 ou
429 359 572 425 cusroua
593 355 682 402 unua
701 360 866 402 succuum.

150 507 308 572 Trahitur
321 508 424 570 etiam
436 507 560 588 aliquid
575 528 618 571 ex
628 507 771 579 historia,
782 519 830 582 ut,
840 510 916 570 cum
931 508 1007 571 Sex.
1019 509 1135 574 Titius

108 613 144 654 se
169 592 390 656 Cassandram
416 612 488 655 esse
514 593 646 664 diceret,
654 590 798 689 ,Multos
824 596 930 673 inquit
956 596 1133 667 Antonius,

103 698 229 760 possum
244 674 316 740 taos
327 675 442 760 Ajaces
459 676 561 738 Oileos
575 696 747 738 nominare.
791 676 852 739 Est
866 681 969 740 etiam
984 699 1025 740 ex
1039 682 1133 742 simi·

109 762 254 836 litudine,
269 783 341 843 quae
357 771 416 824 aut
438 762 646 825 collationem
661 760 771 832 habet,
787 772 846 824 aut
867 771 1027 845 tanquam
1045 767 1120 826 ima
1210 764 1211 817 l

109 848 238 924 ginem:
261 847 479 919 collationem,
493 855 530 908 ut
553 847 609 908 ille
633 846 749 908 Gallus
764 847 842 909 olim
867 851 962 909 testis
983 850 1017 910 in
1039 849 1133 911 Piso·
1210 904 1211 925 2

108 950 194 1004 nem,
220 934 295 994 ohm
320 930 595 993 innumerabilem
621 930 737 1008 Magio
765 932 922 1011 praefecto
951 935 1134 1013 pecuniam

109 1015 243 1161 dixissgt
256 1015 380 1087 datam,
391 1015 501 1163 idqugc
499 1014 645 1077 Scaurus
656 1017 844 1160 tenuitaten
830 1016 937 1095 Magii
952 1011 1133 1094 redargue-

6 1160 7 1163 ,
125 1109 177 1161 et:
235 1121 307 1162 rrcs
331 1101 365 1161 in
387 1102 435 1162 uit
502 1119 600 1161 oure:
623 1121 638 1159 e
662 1100 777 1160 oenim
840 1122 860 1161 o
886 1101 949 1162 ium
973 1122 1033 1162 non
1057 1122 1133 1162 coa·
1210 1134 1211 1141 κ

6 1120 249 1244 1'·’¹⁰¹*⁶ieaosse
264 1144 342 1256 dido,
356 1121 418 1257 ried,
436 1145 590 1266 laconum
606 1121 708 1245 aridus
723 1204 818 1245 nuces
833 1123 958 1268 legeret,
973 1185 1008 1246 in
1022 1195 1134 1246 ventre

108 1267 291 1329 abstulisse:
320 1277 357 1330 ut
381 1269 436 1331 ille
461 1268 507 1331 Μ.
524 1268 640 1331 Cicero
663 1288 773 1338 senex,
795 1268 894 1349 hujus
917 1271 980 1331 viri
1003 1271 1133 1351 optimi,

108 1355 209 1414 nostri
224 1352 405 1426 familiaris,
420 1363 523 1436 pater,
538 1364 656 1415 nostros
672 1352 808 1414 homines
825 1353 941 1415 similes
953 1374 1019 1415 esse
1034 1353 1134 1436 Syro·
1210 1378 1211 1387 ¹

108 1456 179 1497 rum
202 1438 437 1499 uenalium:·nt
458 1438 589 1519 quisque
611 1437 723 1519 optime
747 1437 856 1499 &eece
879 1438 981 1509 sciret,
996 1439 1041 1499 ita
1064 1459 1134 1500 essa

109 1521 338 1601 nequissimum.
383 1521 489 1585 Valde
513 1533 626 1584 autem
657 1522 804 1583 ridentur
827 1526 928 1585 etiarn
957 1524 1134 1601 imagines,
1210 1524 1211 1547 ¹

109 1626 181 1684 quae
197 1606 265 1667 fere
280 1609 314 1668 in
330 1607 573 1669 deformitatem
588 1608 695 1668 autin
707 1607 840 1686 aliquod
855 1609 972 1669 vitium
985 1609 1133 1688 corporis
1210 1620 1211 1635 ¹

108 1689 282 1763 ducuntur,
297 1711 373 1753 curn
388 1692 599 1753 similitudine
622 1692 795 1772 turpioris;
818 1701 980 1775 utssmcum
998 1691 1081 1753 illud
1095 1694 1134 1755 iu
1210 1732 1211 1769 3

109 1772 267 1836 Helvium
291 1775 471 1848 Manciam,
494 1774 567 1836 Jcm
587 1776 753 1845 ostendam,
769 1776 941 1858 cujusmodi
964 1775 1030 1836 sis:
1053 1778 1134 1838 clun
1210 1824 1211 1851 3

108 1859 174 1931 ille,
191 1858 333 1933 Ostende,
347 1881 450 1941 quoeso
459 1885 471 1931 ,·
493 1860 716 1922 demonstravi
731 1859 832 1937 digito
854 1863 979 1941 pictum
993 1859 1135 1921 Gallum
1210 1858 1211 1863 ’

109 1944 142 2004 in
159 1943 313 2007 Mariano
324 1954 417 2019 scuto
432 1944 605 2017 Cimbrico,
620 1943 681 2006 sub
696 1942 810 2015 Novis
826 1944 1007 2015 distortum,
1022 1945 1135 2022 ejecta

109 2029 230 2106 lingui,
241 2028 354 2091 buccis
366 2029 560 2091 fluentibus:
583 2030 667 2091 risus
678 2037 728 2090 est
740 2040 939 2092 commotus:
962 2028 1043 2090 nihil
1058 2039 1135 2090 tam

110 2111 254 2174 Manciae
270 2114 374 2175 simile
386 2115 493 2175 visum
509 2122 576 2175 est:
598 2123 636 2175 ut
651 2114 726 2174 cum
740 2113 816 2175 Tito
828 2112 969 2186 Pinario,
981 2123 1135 2175 mentum
1210 2120 1211 2125 ’

110 2198 141 2257 in
159 2196 297 2259 dicendo
311 2199 520 2278 intorquenti,
535 2208 598 2259 tum
613 2197 780 2270 utdicerct,
791 2196 907 2279 siquid
921 2197 1057 2270 vellensi
1071 2217 1133 2259 nu·

110 2301 172 2342 cem
179 2280 346 2363 fregisset.

152 2365 266 2428 Etiam
287 2367 354 2439 illa,
369 2386 452 2447 quae,
468 2368 635 2429 minuendi
650 2376 709 2428 aut
724 2367 867 2444 augendi
883 2368 992 2439 causi,
1016 2367 1059 2428 ad
1082 2369 1132 2428 in·
1210 2370 1211 2445 Ῠ

111 2450 300 2512 credibilem
323 2452 574 2514 admirationem
597 2451 797 2524 efferuntur3
824 2452 915 2513 velut
937 2461 983 2524 tu,
1001 2451 1132 2525 Crasse,
1210 2450 1211 2475 ³

109 2537 143 2596 in
159 2537 323 2608 concione,
338 2535 384 2598 ito
399 2535 459 2597 sibi
473 2537 576 2619 ipsum
591 2556 739 2614 magnum
754 2536 856 2597 videri
875 2534 1068 2606 Memmium,
1087 2547 1133 2601 ut.

109 2618 144 2679 in
157 2620 270 2703 forum
292 2621 488 2694 descendens,
503 2629 598 2701 caput
612 2621 654 2681 od
666 2619 826 2704 senticem
841 2618 936 2681 Flesti
951 2621 1131 2703 demitteret,
1210 2658 1211 2697 3

109 2703 162 2767 Ex
177 2725 240 2784 qno
264 2725 385 2783 genere
407 2708 509 2767 etiam
533 2704 614 2766 illud
629 2715 688 2777 est,
710 2705 793 2784 quod
819 2704 931 2785 Scipio
949 2704 1037 2784 apud
1060 2703 1132 2765 Nu·
1210 2716 1211 2719 ’

109 2790 280 2860 mantiam,
304 2792 379 2851 cum
401 2788 665 2851 stomacharetur
688 2808 764 2850 curn
787 2788 821 2849 0.
840 2789 986 2860 Metello,
1009 2789 1132 2853 dixisse

107 2872 236 2943 dicitur,
249 2872 287 2933 St
302 2874 444 2954 quintum
455 2883 584 2956 pareret
597 2883 696 2935 mater
705 2874 781 2954 ejus,
793 2871 915 2934 asinium
921 2873 1028 2956 fuisse
1037 2872 1132 2954 pari·

109 2966 222 3017 turam.
767 2982 773 2994 ·

153 3042 282 3118 Arguta
297 3042 398 3103 etiam
419 3042 616 3120 significatio
639 3050 697 3114 est,
713 3043 788 3103 oum
810 3042 912 3123 parvi
927 3060 971 3112 re,
986 3050 1020 3103 et
1042 3041 1131 3122 saepe
1166 3040 1172 3046 ’
1210 3052 1211 3125 j

110 3125 219 3197 verbo,
235 3144 286 3185 res
300 3125 441 3188 obscura
456 3137 488 3189 et
510 3127 617 3188 latens
639 3127 839 3197 illustratum
862 3135 907 3198 ut,
923 3128 998 3187 curn
1014 3125 1049 3187 O.
1066 3124 1131 3187 Fa·
1210 3162 1211 3165 =

68 3274 72 3283 ,
97 3207 211 3271 ,bricio
234 3208 268 3271 P.
285 3209 464 3283 Cornelius
487 3211 584 3272 homo
601 3212 650 3291 (ut
672 3209 934 3286 existimabatur)
952 3217 1075 3272 avarus
1097 3218 1132 3272 et

6 3292 214 3366 torturas,
237 3294 294 3356 sed
320 3296 452 3374 egregie
479 3294 579 3366 fortis
605 3306 637 3356 et
663 3294 768 3356 honus
793 3297 980 3377 imperator,
1002 3296 1131 3372 gratias

110 3388 233 3455 ageret,
249 3379 333 3458 quod
356 3399 390 3441 se
406 3380 502 3441 homo
524 3381 675 3441 inimicus
697 3380 864 3441 consulem
881 3379 1021 3450 fecisset,
1042 3378 1131 3441 hello

110 3465 291 3541 praesertim
307 3483 429 3540 magno
444 3473 477 3525 et
524 3485 562 3526 ra
575 3465 593 3509 ι’
608 3487 615 3500 ·
619 3461 742 3618 stitit
762 3474 816 3535 est,
831 3471 891 3544 quo
906 3463 983 3523 milri
1000 3462 1131 3545 gratias
1210 3468 1211 3511 l

110 3565 198 3622 agos,
214 3548 327 3626 inquit,
342 3548 371 3606 si
392 3547 490 3608 malui
525 3485 633 3629 onisii
667 3593 680 3619 1,
723 3554 794 3608 adm
818 3546 943 3608 venire:
965 3558 1002 3609 ut
1018 3549 1132 3609 Asello

112 3629 482 3708 Africanusohjicienti
505 3633 643 3711 lustrum
666 3633 746 3709 illud
770 3632 892 3703 infelix,
915 3631 1002 3704 Noli,
1025 3634 1132 3711 inquit

110 3711 244 3772 mirari:
266 3713 294 3772 is
309 3715 399 3785 enim,
414 3716 469 3794 qui
492 3726 522 3776 te
543 3738 581 3776 ec
596 3715 723 3777 cerariis
737 3718 857 3789 secernit,
878 3715 1010 3778 lustrum
1025 3716 1131 3778 condi·

111 3794 165 3863 dit,
175 3806 204 3856 et
218 3806 343 3857 taurum
354 3797 528 3859 immolavit.
574 3800 685 3860 Tanta
697 3803 838 3883 suspicio
850 3810 909 3871 est,
921 3812 956 3862 ut
972 3801 1131 3879 religione
