2434 4286
299 385 345 429 un
362 385 507 428 oureus
526 386 615 429 mrsu
636 386 797 431 snouunus.
1017 375 1061 434 85

21 532 76 595 ici
99 534 264 604 muneris
287 534 461 611 attigisset,
484 543 651 615 praecepta
673 534 714 598 de
737 556 772 598 re
796 536 932 600 militari
953 537 1058 602 derel
1149 598 1163 619 ,

20 617 95 679 Ηοο
111 617 205 685 mihi
221 617 334 681 facere
350 639 463 683 omnes
478 620 543 690 isti,
557 620 613 698 qui
628 619 668 680 de
682 629 755 682 arte
767 620 896 683 dicendi
909 626 1058 706 precipi-

18 713 88 775 unt,
104 702 294 773 videntur:
317 703 402 782 quod
418 705 506 765 enim
528 705 590 782 ipsi
612 705 826 785 expertinon
848 719 934 779 sunt,
948 708 981 770 id
1003 710 1057 771 do·

20 799 98 848 cent
114 795 277 849 caeteros.
319 787 386 850 Sed
401 787 462 849 hcc
478 790 585 849 minus
600 786 739 850 fortasse
755 803 875 862 errant,
890 791 975 872 quod
993 812 1058 856 non

19 881 63 941 te,
73 883 113 933 ut
127 872 442 945 Hannibalem‚sed
457 892 576 961 pueros
587 883 645 934 aut
660 874 931 949 adolescentulos,
940 877 1056 940 docere

21 966 208 1018 conantur.
930 976 933 981 ’

61 1039 160 1103 XIX.
186 1040 302 1112 Erras
316 1039 445 1110 Catule,
459 1041 564 1120 inquit
579 1041 760 1104 Antonius:
782 1063 861 1106 nam
875 1058 1007 1122 egomet
1022 1049 1057 1110 in

20 1126 150 1186 multos
161 1126 242 1203 jam
257 1124 468 1188 Phormiones
483 1125 594 1186 incidi.
638 1126 722 1202 Quis
737 1130 826 1189 enim
845 1140 896 1191 est
918 1131 1057 1195 istorum

22 1208 237 1279 Graecorum‚
251 1211 311 1289 qui
323 1229 511 1289 quenquam
526 1211 672 1273 nostrum
682 1212 861 1292 quidquam
871 1215 1056 1295 intelligere

20 1291 238 1355 arbitretur?
284 1294 335 1362 Ac
349 1293 430 1355 mihi
445 1294 577 1373 quidem
592 1315 657 1357 non
679 1297 728 1357 ita
748 1296 878 1358 molesti
893 1308 986 1372 sunt3
1009 1302 1057 1362 fa-

21 1379 88 1440 cite
104 1396 231 1441 omnes
246 1380 413 1460 perpetior
434 1387 468 1439 et
489 1379 639 1458 perfero:
661 1400 740 1442 nam
756 1389 816 1442 aut
832 1382 954 1460 aliquid
977 1384 1057 1446 affe·

22 1472 112 1535 runt,
128 1461 225 1541 quod
239 1462 318 1525 milri
334 1483 399 1525 non
414 1462 587 1542 displiceat
601 1486 609 1535 ;
632 1475 691 1526 aut
706 1463 862 1537 efficiunt,
874 1477 911 1526 ut
926 1486 1057 1530 menon

23 1547 189 1611 didicisse
206 1549 315 1610 minus
330 1549 499 1627 poeniteat.
545 1546 685 1610 Dimitte
706 1559 819 1611 autem
834 1569 892 1612 eos
906 1570 971 1613 non
987 1563 1058 1615 tam

24 1633 283 1703 contumeliose,
298 1632 395 1710 quam
410 1630 640 1713 philosophum
655 1633 748 1694 illum
760 1632 950 1707 Hannibal;
973 1646 1007 1698 et
1018 1637 1058 1699 ed

24 1717 176 1779 sortasse
193 1718 268 1798 plus
283 1715 390 1777 habeo
405 1717 507 1778 etiam
522 1718 667 1795 negotii:
690 1717 747 1779 sed
759 1730 873 1781 tamen
883 1730 934 1781 est
945 1740 1059 1784 eorum

23 1801 200 1874 doctrina,
223 1811 385 1883 quantum
412 1820 478 1878 ego
500 1800 652 1878 judicare
682 1805 824 1882 possum,
849 1804 1058 1883 perridicula.

24 1884 201 1949 Dividunt
215 1887 305 1947 enim
320 1894 424 1946 totam
440 1906 509 1946 rem
524 1887 558 1945 in
574 1885 657 1947 duas
672 1896 793 1967 partes,
809 1890 843 1948 in
857 1908 967 1949 causae
984 1908 1059 1951 con-

24 1972 245 2041 troversiam,
267 1978 300 2030 et
322 1971 357 2031 in
378 1971 576 2048 questionis.
620 1969 765 2032 Causam
792 1972 962 2051 appellant
988 1992 1060 2036 rem

26 2058 183 2137 positam
197 2056 232 2116 in
247 2053 484 2134 disceptatione
500 2074 630 2115 reorum
645 2064 678 2117 et
694 2057 935 2130 controuersid3
957 2074 1059 2137 quies-

27 2143 162 2202 tionem
180 2147 302 2210 autem,
318 2158 388 2200 rem
402 2141 544 2219 positam
558 2141 593 2199 in
608 2139 735 2200 infiniti
749 2139 963 2203 dubitatione.
1008 2141 1059 2206 De

29 2226 139 2288 causti
166 2232 337 2304 praecepta
362 2222 463 2294 dant;
485 2222 525 2283 de
549 2224 653 2284 alteri
674 2235 768 2303 parte
791 2224 920 2287 dicendi
941 2228 1060 2288 mirum

29 2310 209 2371 silentium
223 2317 283 2368 est.
328 2305 478 2386 Denique
502 2309 644 2386 quinque
660 2307 786 2370 faciunt
801 2311 1062 2389 quasimembra

30 2392 246 2473 eloquentiae‚
260 2392 409 2461 invenire
434 2390 512 2470 quid
538 2391 638 2462 dicas
653 2393 788 2456 inventa
812 2394 993 2474 disponere,
1007 2394 1061 2456 de·

30 2478 112 2540 inde
128 2495 250 2538 ornare
266 2475 385 2546 verbis,
400 2474 473 2555 post
487 2478 652 2537 memoriae
668 2477 836 2550 mandare,
851 2489 922 2540 tum
942 2479 986 2539 ad
1008 2500 1061 2541 ex·

30 2572 182 2624 tremum
208 2580 308 2638 agere
332 2580 372 2622 ac
396 2561 626 2639 pronuntiare:
649 2580 720 2621 rem
735 2562 814 2621 sane
830 2582 895 2622 non
917 2562 1062 2625 recondi·
1125 2602 1127 2606 -

30 2656 116 2708 tam.
163 2643 252 2721 Quis
275 2647 364 2706 enim
384 2643 449 2705 hoc
469 2664 533 2705 non
549 2645 608 2705 sud
622 2656 736 2725 sponte
755 2644 882 2715 viderit,
898 2647 1063 2708 neminem

31 2750 135 2812 posse
153 2729 274 2800 dicere,
289 2730 351 2791 nisi
367 2728 493 2809 etquid
508 2728 640 2800 diceret,
650 2736 684 2789 et
694 2728 813 2807 quibus
825 2728 944 2801 verbis
954 2741 987 2792 et
999 2751 1063 2810 quo

33 2814 154 2877 ordine
172 2813 305 2886 diceret,
320 2813 468 2883 haberet,
483 2821 516 2873 et
531 2832 573 2873 ea
588 2811 814 2874 meminisset?
861 2814 969 2893 Atque
992 2816 1063 2878 haec

35 2920 101 2979 ego
117 2919 185 2960 non
202 2897 424 2979 reprehendo:
447 2897 504 2958 sed
520 2906 597 2958 ante
621 2897 734 2958 oculos
756 2899 864 2978 posita
888 2920 959 2963 esse
982 2901 1064 2975 dico,

35 2994 74 3045 ut
89 3003 151 3045 eas
168 2983 248 3044 item
275 2993 425 3062 quatuor,
447 2983 599 3061 quinque,
621 3000 719 3043 sexve
742 2993 863 3063 partes
885 2986 939 3047 vel
962 2986 1064 3047 etiam

36 3077 171 3149 septem
188 3066 357 3146 (quoniam
372 3067 469 3127 aliter
491 3065 534 3125 ab
557 3066 631 3126 aliis
646 3065 850 3148 digeruntur)
868 3071 902 3130 in
917 3090 1000 3149 quas
1015 3079 1065 3132 est

37 3153 83 3214 ab
108 3151 163 3213 his
185 3153 291 3216 omnis
315 3152 420 3212 oratio
444 3148 627 3211 distributa
671 3150 795 3215 Jubeut
816 3154 904 3214 enim
926 3154 1066 3215 exordiri

38 3239 97 3308 ita,
123 3244 161 3297 ut
184 3255 273 3308 eum,
295 3237 351 3315 qui
374 3235 497 3305 audiat,
513 3233 708 3296 benevolum
730 3236 823 3296 nobis
845 3235 1017 3306 faciamus,
1032 3245 1067 3298 et

39 3321 196 3389 docilem,
212 3328 245 3381 et
260 3328 442 3382 attentumz
465 3318 583 3380 deinde
607 3338 677 3379 rem
700 3337 844 3387 narrare,
860 3319 909 3377 ita
923 3329 960 3379 ut
981 3321 1066 3380 veri·
1152 3340 1154 3344 ·

41 3405 161 3466 similis
175 3406 323 3465 narratio
337 3405 388 3474 sit,
404 3414 441 3466 ut
456 3413 583 3484 aperta,
598 3410 635 3462 ut
649 3401 780 3463 brevis:
803 3399 876 3481 post
891 3411 1005 3462 autem
1020 3402 1066 3463 din

41 3489 158 3550 videre
174 3508 322 3560 causam,
337 3498 397 3550 aut
412 3504 614 3569 proponere:
637 3495 749 3548 nostra
760 3483 954 3549 confirmare
970 3505 1067 3564 argu·

43 3575 176 3644 mentis
191 3593 233 3634 ac
248 3573 450 3634 rationibus:
473 3570 591 3633 deinde
604 3573 771 3633 contraria
782 3570 937 3632 refutare.
981 3570 1068 3631 Tum

43 3668 159 3719 autem
176 3658 234 3718 alii
249 3658 493 3718 conclusionem
508 3656 684 3727 orationis,'
698 3665 733 3719 et
755 3658 851 3736 quasi
865 3658 1067 3736 peroration-

44 3763 108 3815 em,
124 3741 308 3804 collocanti
332 3741 390 3803 alii
400 3741 528 3820 jubent,
544 3747 723 3819 antequam
744 3750 915 3823 peroretur
930 3740 1067 3803 ornandi

44 3836 105 3889 aut
115 3825 263 3906 augendi
278 3825 389 3899 calisi,
399 3823 535 3902 degredi
541 3866 561 3963 ἑ
579 3821 695 3886 deinde
707 3824 912 3894 concludere,
923 3843 964 3885 ac
977 3843 1066 3903 pere
