2444 4276
337 382 384 426 nu*
398 382 540 426 curcur
559 380 649 427 amna
667 378 806 428 mutus.
1019 358 1087 429 187

59 541 94 597 et
105 531 541 605 uflitiae,*consiliumsuum
556 524 718 613 iidemque
733 532 945 615 prestabant.
988 534 1080 610 Quid

8 674 9 691 ,
59 620 154 680 enim
170 616 219 680 M.
239 615 371 688 Catoni,
397 626 514 697 praeter
536 615 622 677 hanc
646 618 876 697 politissimam
897 616 1080 682 doctrinam

58 702 318 763 transmarinam
332 709 432 778 atque
444 700 676 781 adventiciam,
687 698 813 762 defuit?
836 720 925 775 num,
935 705 1014 782 quia
1025 708 1080 782 jus

59 785 343 856 civiladidicerat,
365 804 484 846 causas
499 805 564 846 non
579 783 734 846 dicebatl
766 795 833 856 aut,
848 787 927 865 quia
948 798 1079 868 poterat

59 870 179 941 dicere,
199 871 284 948 juris
307 870 479 931 scientiam
500 865 713 947 negligebat?
743 879 880 949 utroque
903 872 936 931 in
959 891 1080 949 genere

59 955 285 1028 etlabor‘avit,
300 963 334 1014 et
349 954 509 1032 praestitit.
554 953 654 1026 Num,
669 963 800 1034 propter
815 954 900 1016 hanc
916 975 958 1016 ex
972 958 1080 1036 priva·

58 1047 167 1100 torum
183 1038 513 1115 negotiiscollectam
535 1038 686 1114 gratiam,
700 1037 823 1099 tardior
841 1039 875 1099 in
890 1059 925 1100 re
949 1040 1081 1120 publied

58 1122 263 1203 capessenda
278 1119 361 1182 fuiti
384 1141 481 1182 nemo
494 1121 583 1201 apud
598 1121 756 1201 populum
771 1122 892 1194 fortior,
902 1142 998 1185 nemo
1014 1143 1081 1184 me·

8 1224 10 1249 t
58 1207 120 1267 lior
143 1216 297 1268 senator:
323 1204 409 1265 idem
432 1205 529 1266 facile
553 1207 696 1284 optimus
718 1207 913 1285 imperator:
940 1207 1080 1286 denique

58 1291 141 1352 nihil
156 1292 193 1350 in
207 1289 271 1350 bae
287 1289 423 1349 civitate
439 1289 639 1369 temporibus
656 1290 721 1350 illis
736 1290 811 1350 sciri
827 1288 949 1351 discive
966 1294 1081 1370 potuit,

58 1374 146 1454 quod
161 1374 220 1434 ille
235 1392 301 1434 non
315 1375 389 1434 crim
403 1372 607 1450 investigirit
623 1381 656 1434 et
671 1372 788 1444 scierit,
803 1382 874 1435 tum
889 1376 991 1434 etiam
1006 1394 1080 1435 eon·

59 1460 238 1538 scripserit.

100 1542 214 1612 Nunc,
226 1540 346 1612 eontra,
361 1540 507 1619 plerique
522 1540 565 1602 ad
585 1539 725 1602 honores
737 1540 970 1622 adipiscendos
986 1551 1020 1604 et
1036 1541 1080 1602 ad

59 1645 131 1688 rem
152 1625 321 1706 publicam
343 1626 531 1702 gerendam,
545 1625 623 1687 nudi
646 1627 782 1687 veniunt
797 1635 895 1706 atque
918 1627 1080 1698 inermes;

59 1711 151 1771 nulli
163 1710 350 1786 cognitione
362 1729 481 1781 rerum,
493 1710 583 1770 nulli
594 1710 729 1791 seientia
740 1712 856 1770 ornati.
894 1709 952 1772 Sin
964 1711 1082 1790 aliquis
1135 1764 1182 1797 Q„
1213 1734 1214 1741 ¹

60 1795 197 1856 excellit
212 1812 298 1853 uuus
312 1814 330 1853 e
346 1794 476 1865 multis3
498 1788 603 1854 effert
609 1813 654 1865 se,
670 1793 953 1872 siunum'aliquid
975 1794 1081 1865 affert,

60 1890 97 1940 ut
112 1878 272 1940 bellicam
283 1878 448 1949 virtutem,
461 1886 519 1938 aut
534 1897 630 1939 usum
645 1877 788 1956 aliquem
805 1878 981 1939 militarem
995 1885 1082 1959 (quae

61 1964 144 2024 sane
158 1981 247 2023 nunc
262 1960 392 2040 quidem
408 1961 661 2036 obsoleverunt),
673 1970 731 2022 aut
742 1963 827 2039 juris
841 1963 1024 2035 scientiam,
1040 1982 1081 2023 ne

62 2050 135 2127 ejus
158 2044 291 2126 quidem
312 2048 457 2108 universi
481 2054 572 2127 lnam
597 2046 810 2126 pontificium,
826 2047 911 2125 quod
936 2055 985 2107 est
1007 2067 1081 2108 eon-

9 2142 10 2145 ’
63 2134 230 2211 junctum,
240 2151 337 2192 nemo
348 2120 533 2210 discit),dut
544 2131 883 2209 eloquentiam,quam
895 2132 928 2192 in
939 2132 1081 2193 elamore

61 2226 94 2279 et
109 2219 145 2277 in
161 2215 336 2276 verborum
351 2234 448 2276 eursu
462 2217 603 2296 positam
619 2224 754 2295 putant:
777 2217 923 2276 omnium
933 2217 1013 2278 verb
1027 2216 1081 2278 bo·

61 2319 184 2361 nerum
208 2301 339 2371 artium,
360 2299 500 2378 denique
524 2300 683 2360 virtutum
711 2301 867 2380 ipsarum,
889 2303 1082 2362 societatem

62 2385 360 2462 cognationemque
376 2403 440 2444 non
454 2383 583 2444 nbrunt.

81 2536 86 2543 ,
104 2466 259 2530 XXXIV.
282 2466 357 2539 Sed,
372 2476 414 2529 ut‘
430 2467 473 2529 ad
487 2466 618 2528 Graecos
639 2464 780 2527 referam
794 2468 984 2539 orationem,
1001 2467 1082 2547 (qui-

61 2553 125 2614 bus
142 2571 258 2613 carere
280 2551 313 2612 in
336 2551 396 2612 hoc
412 2551 543 2630 quidem
558 2551 715 2612 sermonis
738 2568 857 2628 genere
880 2570 1079 2629 non-possu-

60 2654 138 2700 mus
150 2659 159 2708 3
182 2654 261 2696 nam
275 2644 313 2696 ut
327 2637 456 2696 virtutis
469 2656 490 2695 a
501 2637 626 2706 nostris,
638 2635 662 2694 si
667 2655 684 2694 c
696 2633 850 2695 doctrinae
865 2641 940 2693 sunt
956 2633 1083 2706 abillis,

61 2721 220 2801 exempla
245 2717 436 2800 repetenda)
462 2728 588 2799 septem
614 2717 714 2779 fuisse
739 2718 891 2779 dicuntur
913 2737 979 2778 uno
1001 2727 1082 2779 tem·

61 2826 155 2886 pore,
177 2805 233 2883 qui
259 2805 425 2884 sapientes
448 2811 481 2864 et
503 2803 704 2864 haberentur
727 2811 760 2863 et
786 2811 992 2863 vocarentur.
1037 2801 1083 2863 Hi

62 2907 189 2960 omnes
204 2897 323 2968 praeter
345 2883 512 2950 Milesium
527 2886 665 2958 Thalen,
680 2885 869 2967 civitatibus
884 2888 952 2947 suis
966 2886 1083 2968 praefu-

64 2981 172 3036 erunt.
217 2970 301 3047 Quis
316 2972 440 3034 doctior
461 2971 576 3032 iisdem
598 2973 663 3032 illis
684 2971 894 3052 temporibus,
910 2981 968 3033 aut
990 2974 1083 3050 cujus

64 3058 256 3137 eloquentia
272 3057 376 3117 literis
393 3057 580 3117 instructior
595 3055 693 3117 fuisse
709 3057 857 3127 traditur,
870 3058 966 3136 quam
987 3056 1082 3118 Pisis-

65 3138 169 3204 tratil
193 3143 248 3219 qui
263 3142 387 3219 primus
403 3136 538 3201 Homeri
553 3140 660 3213 libros
672 3141 823 3202 confusos
839 3149 947 3211 antea,
959 3141 1005 3201 sic
1022 3140 1083 3200 dis-

65 3227 216 3308 posuisse
239 3223 367 3297 dicitur,
381 3232 418 3285 ut
439 3243 526 3284 nune
549 3224 718 3285 habemus
763 3223 839 3285 Non
859 3225 920 3286 fuit
943 3225 999 3285 ille
1015 3224 1082 3303 qui·

66 3311 145 3371 dem
160 3307 287 3370 civibus
309 3311 376 3370 suis
390 3308 499 3379 utilis3
522 3307 642 3370 sedita
657 3308 840 3387 eloquentie
855 3308 973 3380 floruit,
988 3316 1025 3369 ut
1047 3307 1083 3368 li-

66 3394 150 3456 teris
171 3393 380 3472 doctrinaque
401 3401 582 3473 praestaret.
626 3391 714 3466 Quid
738 3390 902 3454 Periclesl
929 3392 969 3454 de
990 3394 1084 3470 cujus

67 3477 199 3539 dicendi
219 3478 310 3558 eopia
326 3481 372 3539 sic
388 3478 585 3556 accepimus,
600 3485 646 3546 ut,
660 3477 735 3535 curn
751 3484 865 3536 contra
879 3476 1085 3536 voluntatem

67 3561 320 3626 Atheniensium
335 3563 521 3640 loqueretur
534 3579 593 3639 pro
608 3559 714 3619 salute
734 3562 858 3640 patrita,¹
873 3561 1020 3620 severius
1034 3568 1083 3619 ta·

68 3665 146 3708 rnen
161 3644 194 3705 id
208 3646 325 3726 ipsum,
339 3646 425 3724 quod
446 3646 502 3705 ille
519 3653 633 3705 eontra
647 3644 822 3723 populares
837 3643 984 3706 homines
999 3642 1084 3702 dice-

68 3738 130 3801 ret,
151 3730 311 3810 populare
326 3729 476 3790 omnibus
491 3738 524 3789 et
541 3727 722 3806 jucundum
737 3728 919 3789 videretur:
943 3729 1035 3805 cujus
1049 3727 1085 3787 in

69 3814 173 3877 labris
187 3821 316 3877 veteres
331 3814 455 3884 comici,
471 3815 573 3875 etiam
588 3813 662 3873 edm
677 3811 725 3873 illi
740 3812 972 3873 maledicerent
986 3808 1083 3889 (quod
