2444 4276
92 375 156 434 246
467 382 673 428 aeres.—am.
697 386 739 426 111.

125 537 192 587 Soet.
203 535 243 585 24
269 534 405 584 Verborum
415 531 596 598 eligendorum}
630 531 711 581 Verba
727 533 827 595 seligere
845 537 902 596 apte
917 531 1047 594 collocare,
1059 545 1111 578 ain·

92 621 146 671 dita
158 621 263 686 qaedam
274 620 428 676 concludere,
441 635 469 667 ne
482 617 577 667 breuior
585 616 704 682 periodus
715 632 789 664 auree
800 614 942 677 defraudet,
951 621 998 693 auat
1015 616 1113 680 longior

91 703 200 768 fatiget,
211 703 285 754 facilc
296 711 352 765 est3
368 703 470 766 ipsaque
482 702 622 751 exercitatio
634 701 687 749 eine
696 702 829 765 preceptis
841 702 927 749 docere
939 707 1031 764 potest.

78 893 83 959 q
513 879 572 928 Cur.
588 879 692 929 ‘te-55.

126 1017 250 1067 Orationis
261 1025 361 1066 ornatus
372 1032 450 1080 neque
466 1018 524 1065 fuco
535 1015 651 1072 offendat,
662 1030 742 1079 neque
758 1015 907 1065 suavitatem
924 1017 1023 1066 dulcem
1041 1023 1112 1079 atque

93 1084 230 1141 decoctam,
242 1084 286 1131 sed
303 1090 427 1131 austeram
440 1091 464 1130 et
476 1083 579 1129 solidam
597 1081 697 1129 habeat.
731 1082 799 1129 Silva
811 1097 901 1140 rerum,
912 1098 986 1143 quam
1004 1083 1112 1145 primum

92 1156 173 1198 orator
183 1148 227 1196 sibi
244 1149 420 1211 comparaverit
437 1163 537 1195 neccsse
548 1152 593 1201 est,
603 1148 720 1194 formetur
731 1146 771 1194 filo
783 1147 834 1209 ipso
846 1154 871 1195 et
888 1163 974 1210 genere
987 1150 1112 1204 orationis,

92 1214 243 1263 illuminetur
254 1213 340 1270 verbis,
352 1212 460 1261 varietur
476 1211 608 1260 sententiis.
643 1212 747 1258 Summa
759 1213 824 1259 enim
842 1213 896 1260 laus
914 1212 1059 1274 eloquentiae
1076 1220 1113 1263 est

92 1280 241 1340 amplificare
252 1295 303 1326 rem
316 1279 432 1335 ornando,
444 1276 551 1338 inprimis
567 1291 642 1336 quum
654 1275 749 1323 animos
766 1276 928 1325 concitamus.
962 1278 1049 1334 Quare
1060 1294 1112 1326 ore-

92 1352 131 1392 tor
142 1344 213 1392 libros
226 1345 356 1392 rhetoricos
367 1359 416 1390 non
427 1342 513 1405 mejeri
530 1340 657 1404 diligentia
676 1342 811 1402 pervolutet
822 1357 896 1403 quam
914 1338 1112 1405 philosophicam

93 1409 215 1472 praecipue
226 1409 303 1457 vitem
316 1408 442 1456 hominum
454 1422 612 1455 communem
628 1414 800 1468 perscrutetur,
814 1416 840 1454 ut
857 1406 941 1455 omnia
953 1424 982 1454 eo
998 1416 1112 1469 spectan-

93 1474 129 1523 tia
140 1474 205 1523 domi
217 1475 284 1535 quasi
302 1474 346 1534 ipsi
359 1473 415 1520 sint
447 1471 492 1519 His
503 1470 616 1532 expositis
635 1471 764 1532 paucisque
777 1488 792 1519 a
804 1471 902 1527 Catulo,
915 1471 997 1527 Cotto,
1011 1474 1111 1522 Caesare

93 1547 117 1587 et
138 1538 246 1599 Sulpicio
263 1538 404 1602 interjectis,
421 1538 525 1585 Crassus
543 1536 580 1584 ita
596 1535 688 1598 pergit:
709 1535 823 1583 “Orator
839 1537 971 1584 orationem
989 1537 1111 1586 illustrare

93 1614 167 1666 etque
186 1604 322 1652 illuminare
343 1609 424 1665 potest
443 1601 521 1658 verbo,
541 1601 656 1662 simplici,
675 1601 738 1661 quod
759 1603 917 1657 inusitatam,
936 1610 1055 1650 novatam
1074 1605 1112 1652 vel

94 1669 246 1717 translatam
264 1668 313 1728 sit;
333 1676 386 1716 tum
407 1667 487 1715 verbis
506 1667 545 1715 vel
565 1667 757 1722 continuatione,
774 1666 788 1712 i.
801 1682 821 1713 e.
842 1665 1011 1724 collocatione,
1032 1669 1111 1726 modo,

93 1736 171 1782 sormt
183 1749 330 1794 numeroque
343 1748 440 1781 vocum.
475 1731 551 1794 quue
568 1729 680 1792 princeps
697 1729 820 1778 Isocrates
837 1731 969 1779 instituisse
988 1734 1073 1789 fertur,
1085 1740 1113 1783 ut

93 1798 242 1848 inconditam
255 1799 409 1859 antiquorum
421 1796 517 1844 dicendi
530 1795 730 1843 consuetudinem
745 1795 913 1844 delectationis
930 1803 1003 1858 atque
1016 1800 1113 1847 aurium

93 1868 169 1912 coust
181 1862 289 1911 numeris
302 1862 470 1925 adstringeret,
482 1861 544 1922 quod
561 1876 611 1908 non
622 1861 709 1917 solnm,
721 1860 762 1920 qui
780 1867 845 1908 tenet
858 1869 935 1908 artem
953 1877 1112 1913 numerorum

93 1944 124 1977 ao
136 1930 270 1985 modorum,
283 1927 412 1976 sedetiam
425 1928 512 1987 vulgus
523 1924 603 1973 verbis
616 1931 668 1972 arte
685 1924 779 1985 positis,
794 1927 900 1974 numeris
913 1943 943 1975 nc
954 1927 1056 1974 vocibus
1066 1928 1113 1977 mi·

93 2009 147 2041 rum
160 2000 278 2056 quantum
298 2001 417 2040 movetur.
451 1991 561 2038 Ornatus
579 1988 681 2051 denique
698 1989 792 2038 exsistit
810 2006 886 2051 quum
897 2008 911 2040 e
923 1993 1053 2041 verborum
1072 1995 1112 2042 de-

93 2059 168 2114 lectu,
178 2066 231 2106 tum
243 2073 257 2104 e
268 2058 342 2120 tropis
354 2064 426 2117 atque
435 2055 542 2120 figuris.”
576 2053 671 2111 Quibus
683 2054 788 2103 breviter
799 2055 922 2116 percursis
933 2064 958 2104 et
971 2064 1037 2105 certe
1047 2075 1112 2107 corn.

92 2123 232 2171 monstratis
244 2122 274 2170 de
285 2128 373 2170 ornatu
384 2120 451 2178 locis,
467 2122 492 2167 4.
510 2118 571 2183 qaid
583 2126 669 2185 aptam
681 2121 715 2167 eit
733 2118 865 2183 deceatque
877 2123 903 2170 in
915 2123 1025 2170 oratione
1038 2139 1113 2187 expo·

92 2202 150 2235 nere
161 2184 254 2249 incipit

126 2307 192 2355 Soet.
203 2304 243 2353 25.
267 2304 350 2354 Falsa
362 2303 462 2365 accola]
497 2301 561 2360 Quae
578 2303 651 2353 certis
663 2310 689 2352 et
705 2302 796 2353 severis
808 2311 969 2366 opponuntur,
980 2305 1076 2367 fracte
1088 2316 1113 2357 et

92 2390 219 2439 molliores.
253 2387 343 2452 [Notes
353 2390 401 2437 solt
412 2388 460 2436 aad
472 2395 516 2436 not
527 2389 636 2453 strongly
648 2387 812 2450 articulated.]

126 2475 192 2523 Soet.
203 2474 243 2523 26.
265 2472 596 2533 Habeat—illa-amdrom]
631 2473 687 2520 Sint
698 2473 745 2520 loci
758 2471 833 2535 aliqui
843 2473 869 2521 in
877 2470 986 2522 oratione
997 2474 1112 2540 magnifi-

93 2573 124 2608 ce
135 2558 209 2607 vacui
221 2559 252 2606 ah
262 2556 412 2606 ornamentis
424 2565 450 2605 et
460 2558 529 2620 quasi
540 2557 674 2621 figurarum
685 2563 855 2618 troporumque
868 2556 997 2606 coloribus.

126 2643 191 2691 Sect.
202 2641 243 2691 27.
267 2642 495 2706 Philosophiaram]
531 2640 700 2705 Philosophia,
712 2641 779 2689 secta
791 2641 994 2704 philosophorum.

127 2726 244 2774 sectae.
268 2726 398 2775 Hactenus
409 2727 553 2790 loquantur]
588 2724 727 2787 Philosophi
740 2725 893 2787 Peripatetici
906 2727 1101 2776 aohcademici.
1165 2789 1168 2793 1

126 2811 192 2859 Sect.
203 2809 244 2857 30.
268 2810 353 2872 Neque
363 2809 533 2873 procudenda]
568 2809 646 2867 Quasi
659 2810 771 2858 cudendo
782 2811 911 2858 tenuanda
922 2826 953 2858 ex
964 2817 1024 2860 arte.

126 2894 191 2941 Sect.
204 2893 242 2940 32.
266 2893 415 2958 Philosopho
427 2893 558 2942 succubuit
570 2894 661 2955 orator]
696 2892 745 2950 Qui
763 2894 821 2941 dum
833 2893 858 2941 in
871 2894 967 2958 dialogo
979 2912 995 2943 a
1007 2895 1113 2947 Platone

94 2977 236 3040 composite,
248 2978 397 3026 defensorem
409 2994 436 3027 se
447 2977 571 3026 rhetorice
585 2977 805 3039 profiteturcontra
818 2978 953 3037 Socratem,
966 2995 1040 3042 quem
1053 2996 1112 3031 cum

92 3062 134 3111 illo
146 3062 176 3111 de
187 3062 342 3125 philosophie
354 3062 473 3127 dignitate
485 3060 651 3124 disputantem
664 3061 735 3110 Plato
746 3061 815 3119 iacit,
828 3062 936 3112 vincitur
946 3080 962 3112 a
974 3063 1085 3113 Socrate.

127 3146 241 3209 seatio]
274 3146 384 3212 Gorgias.

126 3233 194 3280 Soet.
205 3232 245 3280 3³.
270 3231 344 3291 and
355 3238 409 3280 erat
420 3230 530 3294 insigne]
564 3229 668 3294 Signum
680 3237 732 3278 eret
750 3246 808 3279 eum
820 3246 874 3279 esse
892 3238 1009 3295 peretum
1023 3233 1056 3281 ad
1071 3247 1112 3282 re·

93 3317 270 3378 spondendum,
282 3316 367 3378 siquis
379 3317 410 3363 ab
422 3317 474 3377 ipso
486 3316 542 3376 quid
553 3322 636 3378 petere
646 3314 728 3363 vellet.

128 3399 202 3458 Quod
210 3406 246 3447 est
258 3400 426 3462 conjunctam]
458 3382 625 3448 Jusderebue
633 3397 1112 3463 divinisapostilicibusscriptam,quod

92 3489 130 3530 est
142 3485 301 3547 conjunctum
312 3498 370 3531 cum
379 3483 433 3544 jure
446 3483 518 3532 civili.

124 3566 241 3614 Secttit.
267 3565 394 3614 clamator
406 3567 508 3629 aliquis]
542 3565 680 3615 Rhetorice
691 3566 809 3631 magister
820 3567 953 3629 imperitus
984 3556 988 3565 ’

124 3648 167 3695 Ad
178 3647 342 3712 clepsydram]
377 3650 402 3697 It
413 3666 464 3698 was
475 3650 591 3699 ordained
602 3652 635 3716 by
646 3652 688 3700 the
700 3650 833 3713 Pompeian
845 3653 901 3711 law,
910 3653 936 3700 in
947 3649 1110 3702 imitationes

91 3728 133 3856 &e
145 3729 246 3789 Greeks,
257 3731 313 3779 that
329 3734 463 3782 advocates
475 3735 562 3783 should
579 3735 656 3796 epeulr
672 3737 705 3800 by
716 3750 749 3785 eu
760 3736 908 3801 honr-glan.
942 3736 991 3785 See
1003 3735 1112 3787 neema

129 3825 163 3858 m.
175 3812 258 3875 Antiq.
877 3830 880 3836 ’
