2444 4276
113 355 179 416 25⁰
486 370 696 416 norun-rra·
716 371 759 416 ns.

146 517 315 582 Infringitar]
349 516 487 581 Rumpitur.

149 602 282 653 Verborum
293 601 411 664 ambitus]
445 601 569 651 Periodur.

146 687 261 737 strata
285 687 364 736 Flaot
375 687 463 748 oratio]
498 686 584 735 Oratio
595 686 674 736 flacus
686 684 815 750 opponitur
829 688 921 736 vinctas
932 684 1036 750 periodis
1048 692 1074 737 et
1085 701 1118 737 uu

112 784 220 822 mercem.
253 771 347 820 Contra
357 771 442 833 fluens
453 770 608 834 aquatiliter
619 773 698 820 oratio
710 777 747 820 cst
762 770 831 820 laevis
843 770 932 834 ubique
948 770 1034 830 oratic,
1045 771 1121 836 inqut

112 856 173 906 nibil
184 870 304 918 asperum,
315 856 434 911 hiulcum,
446 862 494 904 etc.

147 940 323 989 conversiones
334 939 424 988 lateat
436 938 572 1001 adeotatae]
606 939 729 988 Absoluta
740 938 867 988 conversio
877 945 917 987 est
932 940 1006 1002 plena
1017 928 1124 1002 periodut

112 1024 227 1074 omnibus
237 1024 351 1087 partibas

148 1107 281 1173 carpenda
291 1106 407 1156 membris
416 1106 602 1169 minutioribus]
635 1107 743 1171 Carpere
751 1108 867 1156 membris
876 1106 1015 1156 orationem
1026 1114 1072 1165 est,
1081 1120 1129 1157 non

6 1242 8 1249 ,
28 1246 32 1253 .
111 1193 148 1242 uti
159 1191 373 1255 comprehensione
384 1193 520 1248 verborum,
531 1192 573 1241 sed
585 1191 741 1241 membratim
753 1191 885 1253 cesimquc
897 1191 1010 1241 scribere.

76 1332 81 1338 ,
145 1275 338 1342 Reepcadebant
349 1292 398 1324 non
410 1276 502 1337 uocati]
536 1275 568 1324 In
579 1277 675 1325 delectu
687 1276 785 1324 militari
796 1276 942 1339 remordere
954 1276 1078 1333 dicuntur,
1090 1275 1133 1340 qud¹

111 1362 226 1412 militium
242 1377 291 1410 non
303 1362 449 1410 detrectant.
483 1360 551 1408 Hinc
563 1363 666 1410 ductum
679 1361 776 1409 videtur
791 1361 858 1417 illud,
870 1376 929 1410 cum
946 1361 1031 1423 pedes,
1043 1361 1133 1424 quiboe

111 1448 206 1497 numeri
219 1461 295 1495 causa
306 1445 407 1503 utimur,
418 1446 533 1495 dicuntur
543 1447 688 1508 respondere
699 1461 748 1494 non
761 1444 851 1495 vocati

145 1531 213 1579 Sect
225 1530 264 1579 50.
290 1530 452 1592 Oonjecisset]
486 1529 653 1594 Conjicerese
669 1514 802 1579 inversum
814 1535 898 1578 mente
910 1545 941 1578 ac
954 1530 1090 1589 voluntate,
1101 1529 1135 1579 de*

112 1630 151 1673 eo,
162 1613 203 1676 qui
214 1630 297 1663 versus
307 1616 389 1663 facere
401 1615 501 1678 cogitat.

149 1696 258 1745 Theatra
271 1702 322 1763 tota
333 1695 480 1756 reclamant]
514 1693 660 1757 Frequentia
671 1700 838 1758 spectatorum
847 1701 874 1743 et
885 1694 1033 1744 auditorum.
1094 1748 1098 1753 ⁴

146 1779 214 1829 Sect.
226 1781 264 1828 51.
290 1778 435 1841 claudicat]
469 1779 616 1828 claudicem
627 1779 705 1827 oratio
714 1779 810 1837 dicitur,
818 1794 875 1827 cum
886 1794 1018 1828 numerosa
1027 1794 1077 1828 non
1085 1784 1131 1837 est,

112 1879 190 1927 neque
201 1865 295 1922 vincta,
307 1870 351 1914 aut
361 1862 470 1914 fluminis
485 1865 562 1913 instar
572 1862 660 1912 leniter
675 1878 825 1926 procurrens,
837 1863 879 1911 sed
891 1878 955 1926 sepe
966 1863 1027 1922 hiat,
1039 1870 1065 1918 ct
1075 1865 1131 1912 tan'·

112 1965 187 2013 quam
199 1950 303 1998 insistet

148 2035 216 2082 Sect.
229 2033 268 2083 52.
290 2033 373 2082 Plena
389 2033 510 2096 quadam,
524 2031 569 2081 ced
587 2040 669 2082 tamen
686 2031 759 2094 teres]
793 2031 878 2080 Ducta
897 2032 1041 2094 metaphora
1059 2038 1097 2080 est
1115 2047 1133 2080 a

115 2118 230 2168 membris
247 2119 351 2180 corporis
371 2119 488 2166 humanis
506 2117 665 2174 succulentis,
682 2122 707 2166 et
727 2117 784 2165 hinc
804 2116 925 2172 teretibus,
943 2131 996 2179 qum
1013 2115 1138 2179 imprimis

114 2204 217 2265 pulchre
229 2208 301 2250 sunt:
318 2202 380 2249 unde
393 2202 480 2250 teretia
491 2202 599 2258 brachia,
607 2207 698 2249 teretes
706 2202 814 2251 cervices
824 2200 962 2248 laudantur.
999 2200 1077 2249 Terea
1088 2199 1132 2265 igi.

114 2292 155 2336 tur
166 2287 243 2334 oratio
255 2291 302 2342 cst,
312 2301 366 2346 quae
383 2285 458 2333 habet
471 2283 566 2347 copiam
578 2292 603 2332 ct
614 2300 696 2333 rerum
706 2291 731 2333 et
742 2286 870 2334 verborum
883 2291 908 2332 et
924 2293 1132 2342 ornamentorum,¹

115 2386 194 2433 neque
205 2375 289 2418 tamen
301 2368 411 2425 nimiam,
420 2384 450 2415 nc
463 2374 545 2416 tunicr
553 2375 733 2431 consequatur;
748 2384 796 2431 quo
805 2370 947 2426 accedente,
956 2375 984 2417 ut
995 2371 1133 2418 membrum

115 2456 260 2516 incorpore,
272 2454 307 2502 sic
319 2454 394 2501 oratio
406 2451 501 2501 tumida
512 2459 537 2501 et
546 2454 668 2502 deformis.

149 2538 217 2586 Sect.
229 2537 268 2585 5³.
291 2537 433 2593 Percursio,
441 2552 457 2585 a
467 2536 536 2600 rapid
547 2538 635 2601 glauce
647 2543 673 2584 at
685 2553 700 2584 a
710 2537 918 2598 topia-ditono,
926 2537 1005 2599 irony,
1014 2551 1133 2586 sarcasm.

119 2621 241 2671 Veritatis
252 2621 388 2685 eoperlatio
400 2628 474 2683 atque
491 2622 612 2683 trajectio.
646 2619 791 2684 Thefigure
809 2620 956 2684 Hyperbole.
990 2621 1135 2685 Rogatio-
1213 2633 1214 2636 ’

113 2707 285 2772 percunctatio
294 2707 442 2768 :-rogotio,
455 2721 483 2753 as
495 2722 511 2753 a
522 2705 599 2770 figure
611 2706 639 2753 of
652 2704 765 2762 rhetoric,
777 2704 798 2753 is
809 2706 882 2753 when
894 2721 910 2752 a
921 2704 1066 2767 questionis
1078 2706 1134 2756 ask·

117 2792 157 2848 ed,
168 2796 194 2839 tc
205 2789 279 2838 make
291 2804 324 2837 an
335 2788 481 2837 affirmation
492 2805 559 2838 more
570 2796 655 2853 strong
666 2790 714 2837 and
732 2789 844 2851 pointed:
858 2792 1040 2852 percunctatio,
1053 2791 1136 2841 where

117 2877 160 2925 the
179 2873 284 2938 speaker
300 2873 358 2921 aske
375 2890 391 2920 a
407 2873 524 2935 question,
537 2875 586 2921 and
604 2889 712 2923 answere
728 2872 748 2921 it
764 2872 870 2921 himself.
905 2872 1092 2932 Diesimalntio,
1108 2874 1134 2924 in

117 2960 228 3015 rhetoric,
237 2959 259 3006 is
271 2957 343 3006 when
354 2971 400 3004 one
416 2957 486 3020 thing
498 2955 520 3004 is
532 2955 593 3012 said,
606 2957 654 3004 and
671 2959 713 3005 the
724 2957 832 3020 opposite
843 2956 865 3005 is
877 2957 992 3006 intended
1008 2964 1034 3006 to
1045 2960 1076 3007 be
1089 2974 1135 3007 un·

117 3043 235 3095 dnstood.
250 3042 293 3091 ·1t
309 3042 330 3089 is
342 3056 359 3088 a
369 3040 464 3104 species
480 3042 509 3089 of
522 3042 600 3104 irony.
632 3040 816 3090 Premanitie:
833 3042 953 3104 aspecies
965 3042 993 3088 of
1003 3042 1135 3107 prolepaic,

118 3146 134 3179 a
142 3128 233 3191 paving
243 3128 285 3175 the
293 3139 351 3188 way
360 3127 396 3174 for
403 3125 471 3174 what
482 3123 504 3173 ie
513 3132 540 3174 to
548 3126 636 3173 follow.
672 3125 884 3174 communicatio:
901 3126 1012 3188 afigure,
1021 3127 1136 3192 whereby

118 3215 161 3263 the
171 3218 252 3261 orator
261 3216 318 3273 pute
334 3209 355 3258 it
371 3217 397 3259 tc
409 3211 451 3259 the
464 3209 592 3266 audience,
608 3210 676 3258 what
689 3210 749 3271 they
761 3210 840 3258 would
851 3210 882 3257 do
899 3209 925 3257 in
937 3210 999 3257 such
1011 3211 1061 3258 and
1073 3211 1136 3260 such

119 3313 136 3345 a
146 3311 211 3345 caee.
244 3293 343 3344 Maroae
358 3309 389 3341 aa
406 3295 464 3341 cita
484 3295 608 3342 imitatio:
627 3293 772 3357 Ethopoeia3
789 3294 851 3341 such
868 3309 883 3341 a
900 3292 1046 3355 description
1056 3296 1087 3341 of
1101 3310 1136 3344 sn

119 3379 261 3435 individual,
271 3377 349 3426 either
358 3377 384 3425 in
395 3377 434 3425 his
445 3392 532 3439 person
543 3393 570 3425 or
580 3393 703 3433 manners,
714 3393 744 3426 as
761 3383 787 3425 tc
798 3377 873 3425 make
889 3379 940 3426 him
959 3378 1047 3426 known
1060 3377 1136 3428 with-

119 3470 162 3513 out
174 3461 276 3525 naming
287 3461 345 3509 him.
377 3459 546 3508 Personarum
552 3459 617 3521 fieta
629 3462 758 3510 inductio:
776 3460 951 3525 Prosopopoeia.
985 3458 1136 3512 Ennoea.

68 3602 73 3609 ,
121 3547 222 3596 ductio:
239 3543 370 3606 thefigure
381 3546 545 3607 apoplaneeic,
563 3544 690 3609 including
707 3546 750 3595 the
767 3546 863 3594 various
874 3560 946 3609 ways
963 3548 997 3611 by
1008 3547 1073 3596 whi
1065 3555 1135 3595 nan

49 3694 52 3695 7
121 3629 239 3678 audience
256 3627 355 3693 maybc
372 3627 410 3675 led
428 3628 481 3675 into
492 3626 597 3676 mistuke
608 3644 636 3676 or
653 3644 725 3679 error.
757 3627 825 3678 Ante
841 3632 987 3692 occupatio:
1003 3630 1207 3695 defigam

1208 2686 1215 3041 l

1202 3072 1215 3224 l

111 3699 249 3775 'psalmata
258 3708 602 3771 anticipationofchjections
631 3711 763 3774 Digentia:
779 3696 1146 3849 thedivisionofadirccnn}
1205 3732 1210 3747 ·

121 3796 164 3841 tne
177 3786 329 3839 ffisumution
340 3792 368 3838 of
375 3790 418 3839 the
429 3797 497 3853 parte
509 3794 536 3840 of
545 3809 578 3841 an
588 3794 687 3843 oration.

1018 3856 1145 3885 wrm-J
