2434 4286
146 370 196 431 Ul
410 384 615 431 ou-oesoona
634 374 725 429 mua
743 387 905 431 emamus.

151 535 348 617 quantulum
368 534 403 599 id
417 554 546 615 cunque
569 544 627 606 est,
642 532 721 613 quid
732 533 866 606 leolam,
884 534 1028 615 judicari
1048 547 1177 618 potest,

152 625 260 700 Atque
273 640 342 681 esse
359 628 470 681 tamen
486 619 606 681 multos
622 618 779 690 videmus,
790 622 846 698 qui
861 622 1027 683 neminem
1040 623 1177 686 imiten-

152 716 214 778 tur,
230 715 263 765 et
284 706 399 784 suapte
416 704 542 775 nature,
557 703 641 783 quod
657 703 768 774 velint,
783 707 852 765 sine
871 709 1067 785 cujusquam
1081 710 1177 771 simi-

152 789 300 861 litudine,
324 799 585 868 consequentum
612 787 697 866 quod
721 788 811 849 etin
834 789 927 852 vobis
948 792 1177 855 animadverti

151 876 241 937 recte
263 882 378 953 potest,
394 872 513 945 Caesar,
528 883 562 933 et
577 871 693 943 Cotta3
716 891 854 949 quorum
868 875 953 935 alter
974 876 1179 939 inusitatum

152 958 284 1039 quidem
306 960 423 1019 nostris
445 957 629 1019 oratoribus
651 957 796 1037 leporem
817 959 981 1035 quendam
999 970 1032 1021 et
1054 961 1178 1033 salem,

152 1046 236 1105 alter
258 1044 483 1103 acutissimum
506 1050 538 1103 et
552 1038 809 1102 ‘subtilissimum
822 1041 961 1104 ‘dicendi
983 1064 1097 1121 genus
1122 1054 1178 1107 est

152 1135 356 1190 consecutus,
401 1125 517 1204 Neque
540 1125 619 1186 vero
641 1134 749 1187 vester
770 1126 907 1205 aequalis
929 1126 1027 1189 Curio
1052 1129 1178 1208 (patre,

152 1213 225 1273 med
236 1210 405 1283 sententiis,
416 1211 469 1271 vel
481 1210 745 1290 eloquentissimo
756 1211 956 1289 temporibus
968 1211 1046 1288 illis)
1058 1233 1177 1292 quern·

151 1315 253 1375 quarn
263 1293 343 1357 mihi
354 1316 476 1375 magno
485 1315 584 1377 opere
595 1292 726 1356 videtur
736 1295 880 1367 imitari;
898 1297 955 1374 qui
970 1306 1084 1358 tamen
1099 1318 1176 1359 ver-

150 1379 268 1444 borum
289 1382 466 1457 gravitate,
481 1389 514 1440 et
537 1378 711 1457 elegantia,
726 1387 759 1439 et
774 1380 877 1458 copiis,
892 1398 987 1441 suam
1001 1381 1178 1459 quandam

151 1466 310 1544 expressit
325 1466 418 1543 quasi
435 1462 574 1525 formam
598 1463 803 1541 figuramque
827 1461 977 1525 dicendi:⁸
996 1464 1082 1543 quod
1107 1487 1177 1545 ego

151 1549 295 1611 maxime
310 1549 401 1628 potui
412 1547 562 1626 judicare
577 1549 610 1608 in
627 1547 666 1607 ed
680 1547 788 1614 causei,
800 1566 899 1625 quarn
914 1548 968 1610 ille
985 1560 1102 1611 contra
1117 1571 1176 1612 me

152 1633 242 1712 apud
256 1635 477 1693 centumviros
498 1652 557 1712 pro
573 1631 731 1693 fratribus
744 1630 853 1692 Cossis
867 1631 966 1704 dixit3
990 1634 1024 1693 in
1038 1636 1103 1713 quii
1124 1638 1176 1696 ni·

151 1715 198 1778 hil
213 1717 261 1777 illi
273 1715 385 1786 defuit,
394 1716 479 1794 quod
494 1736 559 1776 non
571 1714 666 1775 modo
678 1716 838 1795 copiosus,
850 1714 908 1776 sed
922 1719 1024 1778 etiarn
1035 1719 1176 1800 sapiens

152 1810 270 1871 orator,
286 1799 407 1861 habere
424 1800 566 1861 deberet.

193 1884 312 1946 XXIV.
336 1883 468 1953 Verum,
484 1881 708 1962 utaliquando
723 1882 765 1944 ad
781 1902 899 1945 causas
914 1882 1119 1947 deducamus
1136 1887 1176 1950 il·

151 1970 230 2039 lum,
244 1988 342 2047 quem
357 1970 593 2038 constituimus
608 1977 643 2028 et
664 1987 722 2028 eas
737 1968 877 2047 quidem,
893 1969 927 2029 in
942 1969 1060 2049 quibus
1082 1971 1174 2051 plus·

152 2054 264 2115 culum
279 2054 401 2130 negotii
426 2063 484 2121 est,
501 2052 698 2131 J'udiciorum
715 2063 813 2131 atque
836 2053 952 2126 litium,
969 2054 1088 2133 (riserit
1112 2056 1176 2116 ali·

151 2141 224 2216 quis
234 2137 371 2197 fortasse
388 2136 450 2197 hoe
457 2145 657 2217 praeceptum
669 2158 676 2207 ;
699 2146 749 2197 est
764 2138 851 2199 enim
863 2157 928 2198 non
942 2147 1011 2199 tarn
1024 2149 1175 2213 acutum,

151 2221 246 2301 quam
271 2222 501 2292 necessarium,
516 2219 685 2299 magisque
700 2222 870 2283 monitoris
884 2242 947 2283 non
964 2222 1057 2294 latui,
1070 2225 1175 2302 quam

152 2305 271 2366 eruditi
286 2306 448 2382 magistri)
465 2304 527 2367 hoe
542 2307 573 2365 ei
594 2307 734 2385 primurn
750 2307 986 2386 praecipiemus,
1005 2326 1174 2385 quascun-

151 2408 214 2468 que
226 2408 345 2450 causas
356 2390 417 2450 erit
430 2400 572 2461 acturus,
583 2402 620 2465 ut
634 2409 692 2450 eas
703 2389 876 2466 diligenter
887 2392 1080 2470 penitusque
1092 2413 1173 2471 cog-

151 2483 276 2534 noseat.
320 2472 393 2535 Hoc
409 2474 442 2533 in
459 2473 535 2536 ludo
550 2494 615 2535 non
630 2474 834 2553 praecipitur:
856 2473 972 2534 faciles
988 2477 1076 2534 enim
1091 2496 1173 2537 oau-

151 2577 196 2619 sae
208 2558 250 2619 ad
265 2577 383 2637 pueros
394 2557 592 2620 deseruntur.
638 2555 708 2619 Lex
723 2557 930 2637 peregrinum
942 2567 1034 2619 vetat
1050 2560 1083 2619 in
1098 2579 1173 2621 rnu-

151 2661 222 2703 rum
246 2642 464 2703 adscenderet
487 2640 676 2729 adscendit:
698 2640 806 2702 hostes
821 2642 959 2721 repulit:
982 2652 1171 2705 accusatur.

151 2725 243 2787 Nihil
259 2735 309 2789 est
324 2728 445 2804 negotii
460 2725 646 2805 hujusmodi
661 2743 798 2786 oausam
813 2744 1020 2801 cognoscere.
1065 2725 1172 2788 Recte
1212 2778 1213 2785 ,

151 2810 252 2887 igitur
267 2809 345 2871 nihil
362 2811 401 2871 de
418 2811 518 2871 causa
529 2809 682 2871 discenda
696 2809 908 2889 praeoipiunt:
930 2810 1000 2870 haeo
1016 2817 1065 2869 est
1080 2812 1174 2872 enim

151 2892 274 2961 inludo
285 2913 460 2955 causarum
472 2892 540 2954 fere
552 2893 702 2955 formula.
747 2892 791 2953 At
807 2892 884 2953 vero
900 2895 933 2954 in
945 2893 1023 2964 fore,
1035 2892 1173 2968 tabulae,

151 2979 348 3048 testimonia,
372 2987 481 3057 pacta,
497 2986 669 3048 conventa,
685 2975 921 3056 stipulationes,
945 2978 1172 3054 cognationes,

152 3061 338 3131 affinitates
353 3060 495 3131 decreta,
510 3080 676 3140 responsa,
691 3061 762 3120 vita
776 3058 915 3138 denique
931 3081 1044 3122 eorum
1059 3064 1116 3140 qui
1134 3065 1172 3125 in

151 3145 253 3207 causa
267 3155 447 3215 versantur,
469 3153 541 3206 tota
555 3142 783 3222 cognoscenda
807 3154 874 3204 est:
897 3164 1035 3224 quarum
1058 3165 1172 3209 rerum

150 3230 352 3308 negligentia
365 3230 539 3309 plerasque
554 3248 682 3301 causas
698 3236 731 3289 et
745 3228 889 3288 maxime
904 3230 1061 3309 privatas,
1078 3230 1172 3307 (sunt

150 3317 239 3375 enim
254 3314 357 3375 multo
372 3313 459 3394 saepd
471 3313 687 3392 obscuriores)
700 3311 849 3373 videmus
864 3314 980 3373 amitti.
1024 3312 1075 3374 Ita
1090 3334 1170 3374 non·

150 3399 243 3468 nulli,
257 3398 336 3460 dum
358 3417 492 3478 operam
506 3416 602 3458 suam
625 3396 765 3458 moltam
789 3397 969 3458 existimari
991 3398 1116 3469 volunt,
1132 3410 1171 3461 ut

150 3492 219 3545 toto
235 3481 304 3543 foro
319 3482 467 3554 volitare,
483 3490 516 3542 et
538 3502 560 3541 a
580 3481 680 3542 cause
695 3479 738 3540 ad
761 3500 897 3542 causam
920 3482 968 3541 ire
984 3481 1171 3555 videantur,
1211 3546 1212 3559 ἶ

150 3586 270 3628 causas
281 3564 394 3627 dicunt
409 3566 602 3642 incognitas.
646 3564 682 3626 ln
694 3584 758 3643 quo
770 3575 819 3626 est
831 3565 890 3625 illa
901 3564 1032 3645 quidem
1043 3585 1170 3643 magua
1211 3564 1212 3629 l

149 3649 296 3720 offensio,
310 3649 364 3711 vel
384 3649 604 3727 negligentiae,
618 3651 778 3729 susceptis
794 3648 910 3720 rebus;
933 3650 987 3711 vel
1011 3649 1169 3731 perfidiae,
1211 3672 1212 3737 l

150 3735 309 3815 receptis:
331 3733 388 3797 sed
404 3736 505 3795 etiam
521 3734 579 3795 illa
593 3735 700 3810 major
714 3734 875 3814 opinione,
889 3732 974 3813 quod
996 3754 1094 3796 nemo
1112 3756 1168 3816 po-

150 3825 224 3891 test,
237 3816 278 3879 de
300 3817 339 3880 ed
360 3837 395 3880 re
419 3837 518 3898 quam
541 3837 607 3880 non
631 3818 732 3891 novit,
747 3838 812 3879 non
833 3818 1019 3900 turpissime
1045 3818 1167 3884 dicere.
