2434 4286
310 371 351 412 nr,
369 369 515 410 carrona
534 368 624 410 mur
644 369 806 411 smunnur.
1007 354 1068 414 12⁸

45 516 131 600 quod
148 516 298 598 impedit,
314 517 400 597 quod
415 515 536 587 elevat,
550 515 636 594 quod
657 515 810 588 deterret,
825 514 910 596 quod
924 518 1047 580 refutat
1057 541 1081 590 :-

46 604 100 665 rel
114 601 207 683 qudd
228 603 336 682 ipsum
352 610 514 662 oratorem
528 603 666 681 politum
680 619 751 662 esse
767 599 931 663 hominem
947 602 1067 681 siguifi-

47 697 112 754 cat.
134 686 224 766 quod
246 684 520 763 eruditum,un
542 685 724 755 urbanum:
753 686 960 779 manimeque
983 686 1069 766 quod

48 771 221 833 tristitiam
237 790 277 831 ac
293 771 504 830 severitatem
519 770 659 846 mitigat,
675 778 708 831 et
722 753 861 840 ielaiiat}
876 771 1067 850 odiosasque

49 875 102 917 res
116 855 217 935 sape,
233 873 315 935 quas
327 854 529 931 argumentis
543 852 624 938 dilui
639 872 704 914 non
715 852 813 914 facile
829 862 887 925 est,
897 855 974 933 joco
988 856 1068 917 risu·

50 960 113 1019 quc
129 939 288 1000 dissolvit.
333 937 505 1012 Quatenus
521 946 634 998 autom
648 938 714 997 sint
735 936 874 999 ridicula
895 939 1069 1001 tractanda

50 1025 184 1094 oratori,
207 1042 366 1102 perquam
381 1021 555 1100 diligenter
578 1020 754 1082 videndum
776 1030 844 1093 est3
874 1022 906 1083 id
928 1023 1013 1103 quod
1035 1025 1069 1085 in

51 1118 170 1187 quarto
195 1107 268 1167 loeo
291 1107 457 1185 quaerendi
483 1124 716 1186 posueramus:
745 1125 824 1166 nam
846 1125 907 1168 nec
933 1108 1093 1185 insignis,
1165 1112 1168 1117 “

51 1190 257 1271 improbitaa
272 1199 305 1251 et
327 1191 450 1253 scelere
468 1193 595 1269 juncta,
610 1208 671 1250 nec
684 1199 802 1251 'rursus
816 1192 950 1252 miseria
971 1193 1069 1270 insig-

51 1278 113 1348 nis,
135 1276 269 1353 agitata
291 1274 431 1336 ridetur:
454 1273 653 1336 facinorosos
675 1274 762 1335 enim
784 1276 907 1352 majore
929 1276 1070 1353 quddam

51 1361 95 1429 vi,
118 1362 219 1439 quam
241 1358 381 1430 ridiculi,
398 1360 512 1420 vulner
535 1358 562 1418 ri
568 1357 719 1450 bvolunt3
745 1359 880 1419 miseros
900 1358 993 1421 illudi
1016 1380 1070 1422 no-

52 1443 132 1516 lunt,
156 1445 221 1505 nisi
247 1443 275 1503 si
298 1463 333 1502 se
357 1377 604 1520 soaetssjaiiant.
649 1440 854 1503 Parcendum
880 1451 929 1503 est
959 1452 1070 1506 autem

52 1528 198 1593 maxime
214 1528 348 1607 caritati
368 1526 601 1598 hominumue
624 1526 747 1595 temere
770 1528 804 1588 in
821 1545 878 1587 eos
899 1525 999 1599 dicaS,
1014 1529 1070 1607 qui

53 1611 245 1690 diliguntur.
555 1661 558 1667 .
627 1589 764 1647 “44⁹4

93 1692 181 1758 LlX.
207 1695 288 1757 Haec
303 1695 404 1772 igitur
427 1692 614 1757 adhibenda
637 1704 687 1755 est
712 1694 852 1775 primum
875 1695 910 1755 in
929 1694 1071 1772 jocando

52 1780 246 1841 moderatio.
290 1778 404 1858 Itaque
430 1799 471 1840 ea
496 1778 666 1849 facillime
676 1778 842 1851 luduntur,
867 1798 940 1858 quaa
965 1798 1069 1858 neque

53 1864 126 1926 odio
152 1882 285 1942 magno,
313 1884 418 1943 neque
447 1862 668 1924 misericordia
692 1863 836 1947 maximi
860 1862 961 1940 digna
986 1873 1069 1926 sunt.

53 1947 280 2024 Quamobrem
306 1948 461 2009 materies
484 1948 590 2008 omnis
619 1947 829 2009 ridiculorum
847 1956 909 2008 est
937 1948 972 2009 in
1000 1949 1071 2009 istis

54 2034 152 2104 vitiis,
168 2052 242 2111 quae
258 2034 383 2094 suntin
399 2031 467 2093 vita
482 2029 651 2093 hominum
665 2051 772 2111 neque
789 2050 949 2103 carorum,
964 2050 1070 2111 neque

54 2117 332 2186 calamitosorum,
346 2132 452 2195 neque
477 2135 589 2178 eorum
603 2117 660 2196 qui
674 2115 716 2178 ob
731 2114 859 2178 facinus
883 2114 926 2178 ad
949 2118 1069 2198 suppli·

53 2202 152 2273 cium,
167 2200 317 2281 rapiendi
332 2201 504 2271 uidentur:
528 2220 644 2280 eaque,
658 2200 743 2261 belle
759 2202 897 2279 agitata,
913 2200 1068 2263 ridentur.

54 2283 113 2347 Est
129 2286 234 2346 etiam
249 2284 474 2356 deformitatis,
489 2294 523 2345 et
539 2287 681 2365 corporis
695 2285 859 2358 vitiorum,
880 2285 960 2349 satis
982 2285 1070 2347 bella

8 2442 9 2447 η
54 2371 211 2430 materies
235 2369 278 2430 ad
296 2368 496 2447 Jocandum:
519 2368 576 2430 sed
601 2369 778 2447 quaerimus
802 2370 899 2443 idem,
924 2370 1010 2450 quod
1036 2371 1070 2432 in

53 2456 183 2515 caeteris
198 2452 295 2514 rebus
310 2453 453 2514 maxime
465 2454 677 2532 quarendum
688 2463 746 2525 est,
757 2455 937 2532 quatenns:
951 2455 985 2514 iu
996 2472 1070 2532 quo,

52 2557 118 2600 non
134 2536 231 2599 modo
245 2538 325 2599 illud
340 2537 536 2617 praecipitur,
550 2557 592 2599 ne
607 2535 685 2618 quid
699 2537 829 2608 insulse,
845 2537 901 2598 sed
916 2539 1026 2607 etiam,
1042 2538 1070 2599 si

52 2622 132 2701 quid
147 2621 342 2701 perridicule
368 2623 481 2701 possis.
526 2620 707 2684 Vitandum
730 2628 780 2682 est
803 2622 924 2683 oratori
947 2629 1069 2683 utrum·

53 2725 127 2785 que,
137 2726 179 2768 ne
195 2715 253 2767 aut
268 2707 411 2767 scurrilis
421 2707 516 2783 jocus
531 2707 582 2773 sit,
597 2715 655 2766 aut
670 2704 829 2783 mimicus.
867 2703 951 2780 Quae
963 2706 1070 2782 cujus·

53 2791 142 2852 modi
157 2792 232 2860 sint,
244 2789 373 2851 facilius
383 2791 456 2866 jam
470 2790 701 2868 intelligemus,
716 2790 792 2850 niun
806 2787 849 2850 ad
864 2790 937 2870 ipsa
951 2788 1069 2852 ridicu·
1109 2866 1113 2871 ⁵

53 2874 159 2936 lorum
174 2893 298 2951 genera
314 2875 507 2935 venerimus.
537 2940 544 2952 ⁸
1087 2886 1101 2905 ”

9 2986 25 3055 p
70 2957 172 3043 ²,Duo
195 2959 284 3018 enim
306 2964 385 3018 sunt
406 2977 531 3036 genera
553 2956 759 3029 facetiarum,
773 2978 912 3039 quorum
929 2958 1071 3021 alterum

9 3066 10 3073 ¹
50 3050 86 3105 r'e
102 3052 277 3114 tractatur,
300 3044 440 3103 alterum
463 3041 560 3104 dicto.
604 3041 663 3113 ae,
686 3044 714 3104 si
737 3042 868 3122 quando
890 3042 977 3122 quid,
998 3053 1069 3104 tan·

53 3146 154 3207 quam
179 3127 290 3206 aliqua
313 3126 445 3197 fabella,
466 3136 630 3199 narratur,
655 3135 692 3188 ut
718 3128 796 3189 olim
817 3138 864 3199 tu,
887 3126 1013 3198 Crasse,
1035 3128 1070 3188 in

54 3210 261 3282 Memmium,
282 3209 445 3272 comedisse
470 3230 539 3271 eum
560 3209 711 3272 lacertum
733 3208 862 3293 Largii,
886 3213 961 3273 cum
984 3220 1070 3273 esset

53 3315 130 3358 cum
146 3315 186 3356 eo
201 3294 389 3356 Tarracina
413 3294 453 3356 de
477 3295 620 3366 amiculi
641 3296 786 3356 rixatus:
809 3295 907 3367 salsa,
922 3303 1070 3357 attamen

53 3399 75 3441 a
87 3391 123 3441 te
139 3379 210 3459 ipso
226 3378 306 3441 licta
319 3387 392 3440 tota
410 3380 564 3441 narratio.
609 3377 770 3467 ,giddidisti
794 3378 987 3449 clausulam,
1002 3380 1070 3442 tota

10 3534 14 3545 ‚
53 3462 238 3525 Tarracina
261 3473 333 3525 tum
356 3463 506 3525 omnibus
528 3464 562 3524 in
585 3460 766 3542 parietibus
780 3463 954 3543 inscriptas
969 3463 1068 3526 fuisse

53 3548 180 3618 literas,
195 3546 290 3619 LLL,
305 3547 402 3611 MM:
424 3550 500 3610 cum
515 3565 687 3626 quaereres,
700 3545 734 3607 id
756 3546 833 3624 quid
848 3555 942 3620 esset,
957 3568 1069 3610 senem

10 3636 12 3663 '
54 3631 288 3711 tibiqnendam
303 3632 502 3714 oppidanum
517 3630 646 3702 dixisse,
661 3628 796 3692 Lacerat
818 3630 966 3694 lacertum
987 3630 1068 3693 Lor-

83 3716 103 3729 ''
121 3716 254 3777 mordax
266 3713 446 3778 Memmius.
491 3714 690 3796 Perspicitis,
703 3714 765 3777 hoc
780 3734 885 3795 genus
907 3716 1005 3795 quarn
1026 3716 1069 3777 sit

109 3810 211 3873 etum,
226 3800 324 3881 quam
337 3801 484 3878 elegans,
506 3799 604 3879 quam
627 3801 816 3871 oratorium,
838 3799 909 3858 sive
934 3796 1069 3868 habeas,
