<?xml version="1.0" encoding="UTF-8"?>
<!DOCTYPE html PUBLIC "-//W3C//DTD XHTML 1.0 Transitional//EN"
    "http://www.w3.org/TR/xhtml1/DTD/xhtml1-transitional.dtd">
<html xmlns="http://www.w3.org/1999/xhtml" xml:lang="en" lang="en">
 <head>
  <title>
</title>
<meta http-equiv="Content-Type" content="text/html;charset=utf-8" />
  <meta name='ocr-system' content='tesseract 3.04.00' />
  <meta name='ocr-capabilities' content='ocr_page ocr_carea ocr_par ocr_line ocrx_word'/>
</head>
<body>
  <div class='ocr_page' id='page_1' title='image "./mtulliiciceroni00kinggoog_0248.png"; bbox 0 0 2444 4276; ppageno 0'>
   <div class='ocr_carea' id='block_1_1' title="bbox 117 317 756 376">
    <p class='ocr_par' dir='ltr' id='par_1_1' title="bbox 117 317 756 376">
     <span class='ocr_line' id='line_1_1' title="bbox 117 317 756 376; baseline -0.013 0"><span class='ocrx_word' id='word_1_1' title='bbox 117 317 181 376; x_wconf 79' lang='lat'><strong><em>240</em></strong></span> <span class='ocrx_word' id='word_1_2' title='bbox 492 326 701 370; x_wconf 79' lang='lat' dir='ltr'><strong><em>norea-am.</em></strong></span> <span class='ocrx_word' id='word_1_3' title='bbox 723 327 756 369; x_wconf 90' lang='grc' dir='ltr'><strong><em>ιι.</em></strong></span> 
     </span>
    </p>
   </div>
   <div class='ocr_carea' id='block_1_2' title="bbox 116 471 1154 2652">
    <p class='ocr_par' dir='ltr' id='par_1_2' title="bbox 117 471 1152 614">
     <span class='ocr_line' id='line_1_2' title="bbox 151 471 1152 540; baseline -0.007 -11"><span class='ocrx_word' id='word_1_4' title='bbox 151 477 261 540; x_wconf 69' lang='lat' dir='ltr'><strong><em>amm]</em></strong></span> <span class='ocrx_word' id='word_1_5' title='bbox 296 471 1152 539; x_wconf 71' lang='lat' dir='ltr'><strong><em>Gere,orelrore,meanrapenoresopbalongingtoarilla,nnd</em></strong></span> 
     </span>
     <span class='ocr_line' id='line_1_3' title="bbox 117 560 354 614; baseline -0.025 0"><span class='ocrx_word' id='word_1_6' title='bbox 117 562 226 614; x_wconf 83' lang='lat' dir='ltr'><strong><em>likcsrise</em></strong></span> <span class='ocrx_word' id='word_1_7' title='bbox 237 578 254 610; x_wconf 88' lang='lat' dir='ltr'><strong><em>a</em></strong></span> <span class='ocrx_word' id='word_1_8' title='bbox 264 560 354 610; x_wconf 78' lang='lat' dir='ltr'><strong><em>ealon.</em></strong></span> 
     </span>
    </p>

    <p class='ocr_par' dir='ltr' id='par_1_3' title="bbox 116 640 1153 864">
     <span class='ocr_line' id='line_1_4' title="bbox 151 640 1152 708; baseline -0.003 -12"><span class='ocrx_word' id='word_1_9' title='bbox 151 648 219 696; x_wconf 82' lang='lat' dir='ltr'><strong><em>Sect.</em></strong></span> <span class='ocrx_word' id='word_1_10' title='bbox 231 645 269 694; x_wconf 89' lang='grc'><strong><em>66.</em></strong></span> <span class='ocrx_word' id='word_1_11' title='bbox 293 644 374 708; x_wconf 82' lang='lat' dir='ltr'><strong><em>quue</em></strong></span> <span class='ocrx_word' id='word_1_12' title='bbox 387 643 502 692; x_wconf 78' lang='lat' dir='ltr'><strong><em>Scaurue</em></strong></span> <span class='ocrx_word' id='word_1_13' title='bbox 519 642 641 691; x_wconf 74' lang='lat' dir='ltr'><strong><em>tenuitate</em></strong></span> <span class='ocrx_word' id='word_1_14' title='bbox 654 641 737 705; x_wconf 75' lang='lat' dir='ltr'><strong><em>Magii</em></strong></span> <span class='ocrx_word' id='word_1_15' title='bbox 753 640 930 705; x_wconf 73' lang='lat' dir='ltr'><strong><em>redargueret]</em></strong></span> <span class='ocrx_word' id='word_1_16' title='bbox 964 640 1076 691; x_wconf 78' lang='lat' dir='ltr'><strong><em>Probare</em></strong></span> <span class='ocrx_word' id='word_1_17' title='bbox 1087 658 1152 693; x_wconf 89' lang='lat' dir='ltr'><strong><em>con·</em></strong></span> 
     </span>
     <span class='ocr_line' id='line_1_5' title="bbox 116 725 1153 792; baseline -0.004 -11"><span class='ocrx_word' id='word_1_18' title='bbox 116 733 238 788; x_wconf 85' lang='lat' dir='ltr'><strong><em>tenderet,</em></strong></span> <span class='ocrx_word' id='word_1_19' title='bbox 251 745 300 779; x_wconf 90' lang='lat' dir='ltr'><strong><em>non</em></strong></span> <span class='ocrx_word' id='word_1_20' title='bbox 311 744 365 777; x_wconf 87' lang='lat' dir='ltr'><strong><em>esse</em></strong></span> <span class='ocrx_word' id='word_1_21' title='bbox 377 734 474 776; x_wconf 67' lang='lat' dir='ltr'><strong><em>mutam</em></strong></span> <span class='ocrx_word' id='word_1_22' title='bbox 491 727 603 792; x_wconf 76' lang='lat' dir='ltr'><strong><em>pecunie</em></strong></span> <span class='ocrx_word' id='word_1_23' title='bbox 614 725 667 776; x_wconf 88' lang='lat' dir='ltr'><strong><em>vim</em></strong></span> <span class='ocrx_word' id='word_1_24' title='bbox 679 726 764 775; x_wconf 83' lang='lat' dir='ltr'><strong><em>datam</em></strong></span> <span class='ocrx_word' id='word_1_25' title='bbox 783 725 878 791; x_wconf 71' lang='lat' dir='ltr'><strong><em>Magio,</em></strong></span> <span class='ocrx_word' id='word_1_26' title='bbox 889 725 979 790; x_wconf 89' lang='lat' dir='ltr'><strong><em>quippe</em></strong></span> <span class='ocrx_word' id='word_1_27' title='bbox 990 725 1034 790; x_wconf 89' lang='lat' dir='ltr'><strong><em>qui</em></strong></span> <span class='ocrx_word' id='word_1_28' title='bbox 1048 742 1153 792; x_wconf 77' lang='lat' dir='ltr'><strong><em>egenus</em></strong></span> 
     </span>
     <span class='ocr_line' id='line_1_6' title="bbox 117 817 187 864; baseline -0.014 0"><span class='ocrx_word' id='word_1_29' title='bbox 117 817 187 864; x_wconf 84' lang='lat' dir='ltr'><strong><em>foret.</em></strong></span> 
     </span>
    </p>

    <p class='ocr_par' dir='ltr' id='par_1_4' title="bbox 118 893 1154 1128">
     <span class='ocr_line' id='line_1_7' title="bbox 152 893 1154 961; baseline -0.002 -14"><span class='ocrx_word' id='word_1_30' title='bbox 152 899 196 948; x_wconf 81' lang='lat' dir='ltr'><strong><em>En</em></strong></span> <span class='ocrx_word' id='word_1_31' title='bbox 207 898 305 946; x_wconf 82' lang='lat' dir='ltr'><strong><em>erariie</em></strong></span> <span class='ocrx_word' id='word_1_32' title='bbox 316 895 417 957; x_wconf 75' lang='lat' dir='ltr'><strong><em>exemit]</em></strong></span> <span class='ocrx_word' id='word_1_33' title='bbox 451 894 522 944; x_wconf 80' lang='lat' dir='ltr'><strong><em>Inter</em></strong></span> <span class='ocrx_word' id='word_1_34' title='bbox 532 894 629 943; x_wconf 68' lang='lat' dir='ltr'><strong><em>orarios</em></strong></span> <span class='ocrx_word' id='word_1_35' title='bbox 636 894 720 943; x_wconf 86' lang='lat' dir='ltr'><strong><em>referri</em></strong></span> <span class='ocrx_word' id='word_1_36' title='bbox 732 893 867 953; x_wconf 84' lang='lat' dir='ltr'><strong><em>dicebatur,</em></strong></span> <span class='ocrx_word' id='word_1_37' title='bbox 875 893 918 958; x_wconf 90' lang='lat' dir='ltr'><strong><em>qui</em></strong></span> <span class='ocrx_word' id='word_1_38' title='bbox 925 895 981 959; x_wconf 88' lang='lat' dir='ltr'><strong><em>jure</em></strong></span> <span class='ocrx_word' id='word_1_39' title='bbox 993 896 1111 961; x_wconf 79' lang='lat' dir='ltr'><strong><em>suffragii</em></strong></span> <span class='ocrx_word' id='word_1_40' title='bbox 1124 903 1154 945; x_wconf 89' lang='lat' dir='ltr'><strong><em>et</em></strong></span> 
     </span>
     <span class='ocr_line' id='line_1_8' title="bbox 118 979 1153 1044; baseline -0.003 -12"><span class='ocrx_word' id='word_1_41' title='bbox 118 982 180 1033; x_wconf 87' lang='lat' dir='ltr'><strong><em>ciris</em></strong></span> <span class='ocrx_word' id='word_1_42' title='bbox 192 980 298 1030; x_wconf 86' lang='lat' dir='ltr'><strong><em>Romani</em></strong></span> <span class='ocrx_word' id='word_1_43' title='bbox 308 979 419 1044; x_wconf 81' lang='lat' dir='ltr'><strong><em>priuatus</em></strong></span> <span class='ocrx_word' id='word_1_44' title='bbox 430 980 577 1028; x_wconf 71' lang='lat' dir='ltr'><strong><em>referebatur</em></strong></span> <span class='ocrx_word' id='word_1_45' title='bbox 588 979 614 1027; x_wconf 88' lang='lat' dir='ltr'><strong><em>in</em></strong></span> <span class='ocrx_word' id='word_1_46' title='bbox 625 980 732 1036; x_wconf 82' lang='lat' dir='ltr'><strong><em>tubulas,</em></strong></span> <span class='ocrx_word' id='word_1_47' title='bbox 744 986 772 1028; x_wconf 93' lang='lat' dir='ltr'><strong><em>ut</em></strong></span> <span class='ocrx_word' id='word_1_48' title='bbox 782 994 831 1028; x_wconf 78' lang='lat' dir='ltr'><strong><em>era</em></strong></span> <span class='ocrx_word' id='word_1_49' title='bbox 843 979 928 1028; x_wconf 88' lang='lat' dir='ltr'><strong><em>tributi</em></strong></span> <span class='ocrx_word' id='word_1_50' title='bbox 939 981 1040 1029; x_wconf 88' lang='lat' dir='ltr'><strong><em>nomine</em></strong></span> <span class='ocrx_word' id='word_1_51' title='bbox 1050 981 1153 1044; x_wconf 87' lang='lat' dir='ltr'><strong><em>pende·</em></strong></span> 
     </span>
     <span class='ocr_line' id='line_1_9' title="bbox 118 1062 1005 1128; baseline -0.006 -12"><span class='ocrx_word' id='word_1_52' title='bbox 118 1074 163 1116; x_wconf 86' lang='lat' dir='ltr'><strong><em>ret</em></strong></span> <span class='ocrx_word' id='word_1_53' title='bbox 196 1072 212 1096; x_wconf 88' lang='lat'>“</span> <span class='ocrx_word' id='word_1_54' title='bbox 221 1064 261 1114; x_wconf 85' lang='lat' dir='ltr'><strong><em>Ex</em></strong></span> <span class='ocrx_word' id='word_1_55' title='bbox 273 1064 365 1114; x_wconf 74' lang='lat' dir='ltr'><strong><em>aretiis</em></strong></span> <span class='ocrx_word' id='word_1_56' title='bbox 376 1064 475 1123; x_wconf 86' lang='lat' dir='ltr'><strong><em>eximi,”</em></strong></span> <span class='ocrx_word' id='word_1_57' title='bbox 487 1064 527 1126; x_wconf 89' lang='lat' dir='ltr'><strong><em>qui</em></strong></span> <span class='ocrx_word' id='word_1_58' title='bbox 539 1062 668 1127; x_wconf 87' lang='lat' dir='ltr'><strong><em>pristinum</em></strong></span> <span class='ocrx_word' id='word_1_59' title='bbox 682 1064 708 1112; x_wconf 90' lang='lat' dir='ltr'><strong><em>in</em></strong></span> <span class='ocrx_word' id='word_1_60' title='bbox 719 1064 824 1128; x_wconf 75' lang='lat' dir='ltr'><strong><em>gradum</em></strong></span> <span class='ocrx_word' id='word_1_61' title='bbox 835 1064 1005 1113; x_wconf 71' lang='lat' dir='ltr'><strong><em>revocabatur.</em></strong></span> 
     </span>
    </p>

    <p class='ocr_par' dir='ltr' id='par_1_5' title="bbox 120 1146 1153 1379">
     <span class='ocr_line' id='line_1_10' title="bbox 153 1146 1153 1212; baseline -0.001 -12"><span class='ocrx_word' id='word_1_62' title='bbox 153 1152 223 1200; x_wconf 82' lang='lat' dir='ltr'><strong><em>Sect.</em></strong></span> <span class='ocrx_word' id='word_1_63' title='bbox 234 1150 274 1199; x_wconf 88' lang='grc'><strong><em>67.</em></strong></span> <span class='ocrx_word' id='word_1_64' title='bbox 298 1148 363 1198; x_wconf 80' lang='lat' dir='ltr'><strong><em>Cum</em></strong></span> <span class='ocrx_word' id='word_1_65' title='bbox 375 1156 425 1198; x_wconf 89' lang='lat' dir='ltr'><strong><em>toto</em></strong></span> <span class='ocrx_word' id='word_1_66' title='bbox 440 1164 531 1212; x_wconf 81' lang='lat' dir='ltr'><strong><em>genere</em></strong></span> <span class='ocrx_word' id='word_1_67' title='bbox 542 1149 663 1196; x_wconf 85' lang='lat' dir='ltr'><strong><em>oratianie</em></strong></span> <span class='ocrx_word' id='word_1_68' title='bbox 680 1163 763 1197; x_wconf 81' lang='lat' dir='ltr'><strong><em>revere</em></strong></span> <span class='ocrx_word' id='word_1_69' title='bbox 775 1147 859 1209; x_wconf 81' lang='lat' dir='ltr'><strong><em>ludar]</em></strong></span> <span class='ocrx_word' id='word_1_70' title='bbox 894 1146 953 1197; x_wconf 91' lang='lat' dir='ltr'><strong><em>Non</em></strong></span> <span class='ocrx_word' id='word_1_71' title='bbox 966 1165 1025 1198; x_wconf 89' lang='lat' dir='ltr'><strong><em>oum</em></strong></span> <span class='ocrx_word' id='word_1_72' title='bbox 1042 1151 1153 1199; x_wconf 86' lang='lat' dir='ltr'><strong><em>verbum</em></strong></span> 
     </span>
     <span class='ocr_line' id='line_1_11' title="bbox 120 1231 1153 1298; baseline -0.002 -13"><span class='ocrx_word' id='word_1_73' title='bbox 120 1235 190 1286; x_wconf 84' lang='lat' dir='ltr'><strong><em>elteri</em></strong></span> <span class='ocrx_word' id='word_1_74' title='bbox 199 1235 273 1284; x_wconf 82' lang='lat' dir='ltr'><strong><em>verbo</em></strong></span> <span class='ocrx_word' id='word_1_75' title='bbox 283 1248 402 1298; x_wconf 85' lang='lat' dir='ltr'><strong><em>opponas,</em></strong></span> <span class='ocrx_word' id='word_1_76' title='bbox 414 1251 437 1283; x_wconf 85' lang='lat' dir='ltr'><strong><em>r.</em></strong></span> <span class='ocrx_word' id='word_1_77' title='bbox 446 1249 470 1298; x_wconf 80' lang='lat' dir='ltr'><strong><em>g.</em></strong></span> <span class='ocrx_word' id='word_1_78' title='bbox 481 1234 501 1280; x_wconf 91' lang='lat' dir='ltr'><strong><em>si</em></strong></span> <span class='ocrx_word' id='word_1_79' title='bbox 512 1232 663 1296; x_wconf 77' lang='lat' dir='ltr'><strong><em>pulchellum</em></strong></span> <span class='ocrx_word' id='word_1_80' title='bbox 676 1233 784 1296; x_wconf 74' lang='lat' dir='ltr'><strong><em>appelles</em></strong></span> <span class='ocrx_word' id='word_1_81' title='bbox 792 1231 835 1294; x_wconf 90' lang='lat' dir='ltr'><strong><em>qui</em></strong></span> <span class='ocrx_word' id='word_1_82' title='bbox 845 1232 962 1281; x_wconf 85' lang='lat' dir='ltr'><strong><em>deformis</em></strong></span> <span class='ocrx_word' id='word_1_83' title='bbox 974 1239 1021 1290; x_wconf 88' lang='lat' dir='ltr'><strong><em>est,</em></strong></span> <span class='ocrx_word' id='word_1_84' title='bbox 1033 1240 1062 1282; x_wconf 88' lang='lat' dir='ltr'><strong><em>ut</em></strong></span> <span class='ocrx_word' id='word_1_85' title='bbox 1074 1235 1153 1283; x_wconf 84' lang='lat' dir='ltr'><strong><em>Cras·</em></strong></span> 
     </span>
     <span class='ocr_line' id='line_1_12' title="bbox 120 1315 1121 1379; baseline -0.002 -9"><span class='ocrx_word' id='word_1_86' title='bbox 120 1336 164 1370; x_wconf 88' lang='lat' dir='ltr'><strong><em>sus</em></strong></span> <span class='ocrx_word' id='word_1_87' title='bbox 176 1318 290 1370; x_wconf 75' lang='lat' dir='ltr'><strong><em>Lamiam</em></strong></span> <span class='ocrx_word' id='word_1_88' title='bbox 301 1334 308 1377; x_wconf 90' lang='lat'>;</span> <span class='ocrx_word' id='word_1_89' title='bbox 325 1320 369 1367; x_wconf 89' lang='lat' dir='ltr'><strong><em>sed</em></strong></span> <span class='ocrx_word' id='word_1_90' title='bbox 380 1334 439 1367; x_wconf 87' lang='lat' dir='ltr'><strong><em>cum</em></strong></span> <span class='ocrx_word' id='word_1_91' title='bbox 451 1316 532 1379; x_wconf 82' lang='lat' dir='ltr'><strong><em>alique</em></strong></span> <span class='ocrx_word' id='word_1_92' title='bbox 543 1323 595 1366; x_wconf 85' lang='lat' dir='ltr'><strong><em>tota</em></strong></span> <span class='ocrx_word' id='word_1_93' title='bbox 606 1317 730 1366; x_wconf 86' lang='lat' dir='ltr'><strong><em>sententia</em></strong></span> <span class='ocrx_word' id='word_1_94' title='bbox 741 1323 767 1365; x_wconf 90' lang='lat' dir='ltr'><strong><em>et</em></strong></span> <span class='ocrx_word' id='word_1_95' title='bbox 778 1316 856 1366; x_wconf 90' lang='lat' dir='ltr'><strong><em>oratio</em></strong></span> <span class='ocrx_word' id='word_1_96' title='bbox 867 1316 894 1365; x_wconf 89' lang='lat' dir='ltr'><strong><em>in</em></strong></span> <span class='ocrx_word' id='word_1_97' title='bbox 905 1315 984 1367; x_wconf 81' lang='lat' dir='ltr'><strong><em>ironis</em></strong></span> <span class='ocrx_word' id='word_1_98' title='bbox 995 1325 1121 1368; x_wconf 86' lang='lat' dir='ltr'><strong><em>versatur.</em></strong></span> 
     </span>
    </p>

    <p class='ocr_par' dir='ltr' id='par_1_6' title="bbox 155 1401 735 1466">
     <span class='ocr_line' id='line_1_13' title="bbox 155 1401 735 1466; baseline -0.005 -14"><span class='ocrx_word' id='word_1_99' title='bbox 155 1403 226 1465; x_wconf 79' lang='lat' dir='ltr'><strong><em>Quid</em></strong></span> <span class='ocrx_word' id='word_1_100' title='bbox 237 1403 284 1452; x_wconf 85' lang='lat' dir='ltr'><strong><em>tibi</em></strong></span> <span class='ocrx_word' id='word_1_101' title='bbox 294 1404 343 1466; x_wconf 85' lang='lat' dir='ltr'><strong><em>oie]</em></strong></span> <span class='ocrx_word' id='word_1_102' title='bbox 376 1404 478 1452; x_wconf 85' lang='lat' dir='ltr'><strong><em>Adeone</em></strong></span> <span class='ocrx_word' id='word_1_103' title='bbox 489 1401 551 1451; x_wconf 87' lang='lat' dir='ltr'><strong><em>lucri</em></strong></span> <span class='ocrx_word' id='word_1_104' title='bbox 562 1401 691 1466; x_wconf 76' lang='lat' dir='ltr'><strong><em>negligens</em></strong></span> <span class='ocrx_word' id='word_1_105' title='bbox 702 1417 735 1450; x_wconf 90' lang='lat' dir='ltr'><strong><em>es.</em></strong></span> 
     </span>
    </p>

    <p class='ocr_par' dir='ltr' id='par_1_7' title="bbox 120 1484 1153 1718">
     <span class='ocr_line' id='line_1_14' title="bbox 156 1484 1153 1553; baseline 0 -17"><span class='ocrx_word' id='word_1_106' title='bbox 156 1488 227 1550; x_wconf 83' lang='lat' dir='ltr'><strong><em>Quid</em></strong></span> <span class='ocrx_word' id='word_1_107' title='bbox 237 1495 275 1538; x_wconf 85' lang='lat' dir='ltr'><strong><em>eet</em></strong></span> <span class='ocrx_word' id='word_1_108' title='bbox 286 1486 333 1537; x_wconf 86' lang='lat' dir='ltr'><strong><em>tili</em></strong></span> <span class='ocrx_word' id='word_1_109' title='bbox 343 1489 394 1535; x_wconf 84' lang='lat' dir='ltr'><strong><em>ieta</em></strong></span> <span class='ocrx_word' id='word_1_110' title='bbox 405 1486 504 1548; x_wconf 70' lang='lat' dir='ltr'><strong><em>mette]</em></strong></span> <span class='ocrx_word' id='word_1_111' title='bbox 539 1484 605 1543; x_wconf 83' lang='lat' dir='ltr'>Quid</span> <span class='ocrx_word' id='word_1_112' title='bbox 616 1493 655 1535; x_wconf 88' lang='lat' dir='ltr'><strong><em>est</em></strong></span> <span class='ocrx_word' id='word_1_113' title='bbox 671 1485 714 1535; x_wconf 89' lang='lat' dir='ltr'><strong><em>tibi</em></strong></span> <span class='ocrx_word' id='word_1_114' title='bbox 731 1484 781 1535; x_wconf 80' lang='lat' dir='ltr'><strong><em>iste</em></strong></span> <span class='ocrx_word' id='word_1_115' title='bbox 792 1485 899 1535; x_wconf 80' lang='lat' dir='ltr'><strong><em>mulisrt</em></strong></span> <span class='ocrx_word' id='word_1_116' title='bbox 917 1501 951 1535; x_wconf 87' lang='lat' dir='ltr'><strong><em>an</em></strong></span> <span class='ocrx_word' id='word_1_117' title='bbox 962 1501 1031 1535; x_wconf 91' lang='lat' dir='ltr'><strong><em>soror</em></strong></span> <span class='ocrx_word' id='word_1_118' title='bbox 1042 1502 1077 1536; x_wconf 92' lang='lat' dir='ltr'><strong><em>an</em></strong></span> <span class='ocrx_word' id='word_1_119' title='bbox 1088 1503 1153 1553; x_wconf 78' lang='lat' dir='ltr'><strong><em>cog·</em></strong></span> 
     </span>
     <span class='ocr_line' id='line_1_15' title="bbox 120 1569 1153 1636; baseline -0.001 -13"><span class='ocrx_word' id='word_1_120' title='bbox 120 1580 182 1624; x_wconf 88' lang='lat' dir='ltr'><strong><em>nata</em></strong></span> <span class='ocrx_word' id='word_1_121' title='bbox 192 1573 247 1622; x_wconf 79' lang='lat' dir='ltr'><strong><em>ent</em></strong></span> <span class='ocrx_word' id='word_1_122' title='bbox 281 1571 327 1620; x_wconf 82' lang='lat' dir='ltr'><strong><em>Est</em></strong></span> <span class='ocrx_word' id='word_1_123' title='bbox 343 1587 400 1621; x_wconf 84' lang='lat' dir='ltr'><strong><em>mea</em></strong></span> <span class='ocrx_word' id='word_1_124' title='bbox 412 1586 480 1628; x_wconf 85' lang='lat' dir='ltr'><strong><em>uxor,</em></strong></span> <span class='ocrx_word' id='word_1_125' title='bbox 492 1569 571 1633; x_wconf 86' lang='lat' dir='ltr'><strong><em>inquit</em></strong></span> <span class='ocrx_word' id='word_1_126' title='bbox 586 1570 654 1619; x_wconf 87' lang='lat' dir='ltr'><strong><em>alter.</em></strong></span> <span class='ocrx_word' id='word_1_127' title='bbox 688 1570 755 1619; x_wconf 79' lang='lat' dir='ltr'><strong><em>Sene</em></strong></span> <span class='ocrx_word' id='word_1_128' title='bbox 766 1577 805 1618; x_wconf 90' lang='lat' dir='ltr'><strong><em>est</em></strong></span> <span class='ocrx_word' id='word_1_129' title='bbox 821 1576 874 1619; x_wconf 87' lang='lat' dir='ltr'><strong><em>tam</em></strong></span> <span class='ocrx_word' id='word_1_130' title='bbox 886 1571 1003 1620; x_wconf 86' lang='lat' dir='ltr'><strong><em>deformis</em></strong></span> <span class='ocrx_word' id='word_1_131' title='bbox 1015 1588 1094 1636; x_wconf 83' lang='lat' dir='ltr'><strong><em>quem</em></strong></span> <span class='ocrx_word' id='word_1_132' title='bbox 1105 1579 1153 1631; x_wconf 81' lang='lat' dir='ltr'><strong><em>tu3</em></strong></span> 
     </span>
     <span class='ocr_line' id='line_1_16' title="bbox 121 1655 980 1718; baseline -0.005 -11"><span class='ocrx_word' id='word_1_133' title='bbox 121 1656 215 1707; x_wconf 87' lang='lat' dir='ltr'><strong><em>esttibi</em></strong></span> <span class='ocrx_word' id='word_1_134' title='bbox 226 1655 368 1717; x_wconf 87' lang='lat' dir='ltr'><strong><em>simillimu;</em></strong></span> <span class='ocrx_word' id='word_1_135' title='bbox 384 1656 466 1718; x_wconf 84' lang='lat' dir='ltr'><strong><em>itaque</em></strong></span> <span class='ocrx_word' id='word_1_136' title='bbox 478 1670 528 1703; x_wconf 91' lang='lat' dir='ltr'><strong><em>non</em></strong></span> <span class='ocrx_word' id='word_1_137' title='bbox 539 1669 641 1703; x_wconf 85' lang='lat' dir='ltr'><strong><em>uxorem</em></strong></span> <span class='ocrx_word' id='word_1_138' title='bbox 651 1655 695 1704; x_wconf 89' lang='lat' dir='ltr'><strong><em>sed</em></strong></span> <span class='ocrx_word' id='word_1_139' title='bbox 706 1670 814 1705; x_wconf 86' lang='lat' dir='ltr'><strong><em>sororem</em></strong></span> <span class='ocrx_word' id='word_1_140' title='bbox 824 1661 980 1718; x_wconf 75' lang='lat' dir='ltr'><strong><em>putaveram.</em></strong></span> 
     </span>
    </p>

    <p class='ocr_par' dir='ltr' id='par_1_8' title="bbox 154 1736 1134 1803">
     <span class='ocr_line' id='line_1_17' title="bbox 154 1736 1134 1803; baseline -0.002 -12"><span class='ocrx_word' id='word_1_141' title='bbox 154 1742 222 1791; x_wconf 74' lang='lat' dir='ltr'><strong><em>Sect</em></strong></span> <span class='ocrx_word' id='word_1_142' title='bbox 234 1740 273 1789; x_wconf 78' lang='lat'><strong><em>68.</em></strong></span> <span class='ocrx_word' id='word_1_143' title='bbox 299 1740 351 1800; x_wconf 82' lang='lat' dir='ltr'><strong><em>Qui</em></strong></span> <span class='ocrx_word' id='word_1_144' title='bbox 362 1741 389 1789; x_wconf 88' lang='lat' dir='ltr'><strong><em>in</em></strong></span> <span class='ocrx_word' id='word_1_145' title='bbox 401 1736 507 1801; x_wconf 86' lang='lat' dir='ltr'><strong><em>delectu]</em></strong></span> <span class='ocrx_word' id='word_1_146' title='bbox 542 1738 608 1788; x_wconf 86' lang='lat' dir='ltr'><strong><em>Cum</em></strong></span> <span class='ocrx_word' id='word_1_147' title='bbox 619 1738 688 1789; x_wconf 84' lang='lat' dir='ltr'><strong><em>fieret</em></strong></span> <span class='ocrx_word' id='word_1_148' title='bbox 699 1738 805 1789; x_wconf 88' lang='lat' dir='ltr'><strong><em>militum</em></strong></span> <span class='ocrx_word' id='word_1_149' title='bbox 816 1741 925 1789; x_wconf 88' lang='lat' dir='ltr'><strong><em>delectus</em></strong></span> <span class='ocrx_word' id='word_1_150' title='bbox 936 1745 963 1789; x_wconf 90' lang='lat' dir='ltr'><strong><em>et</em></strong></span> <span class='ocrx_word' id='word_1_151' title='bbox 974 1740 1134 1803; x_wconf 72' lang='lat' dir='ltr'><strong><em>conquisitio.</em></strong></span> 
     </span>
    </p>

    <p class='ocr_par' dir='ltr' id='par_1_9' title="bbox 122 1822 1154 1962">
     <span class='ocr_line' id='line_1_18' title="bbox 155 1822 1154 1890; baseline 0.001 -15"><span class='ocrx_word' id='word_1_152' title='bbox 155 1828 222 1876; x_wconf 87' lang='lat' dir='ltr'><strong><em>Sect.</em></strong></span> <span class='ocrx_word' id='word_1_153' title='bbox 235 1826 273 1875; x_wconf 81' lang='lat'><strong><em>69.</em></strong></span> <span class='ocrx_word' id='word_1_154' title='bbox 298 1824 352 1874; x_wconf 74' lang='lat' dir='ltr'><strong><em>Sed</em></strong></span> <span class='ocrx_word' id='word_1_155' title='bbox 369 1832 461 1872; x_wconf 89' lang='lat' dir='ltr'><strong><em>natura</em></strong></span> <span class='ocrx_word' id='word_1_156' title='bbox 473 1822 582 1886; x_wconf 86' lang='lat' dir='ltr'><strong><em>ridetur]</em></strong></span> <span class='ocrx_word' id='word_1_157' title='bbox 615 1824 690 1873; x_wconf 87' lang='lat' dir='ltr'><strong><em>Tune</em></strong></span> <span class='ocrx_word' id='word_1_158' title='bbox 702 1824 770 1873; x_wconf 88' lang='lat' dir='ltr'><strong><em>enim</em></strong></span> <span class='ocrx_word' id='word_1_159' title='bbox 781 1839 832 1873; x_wconf 88' lang='lat' dir='ltr'><strong><em>non</em></strong></span> <span class='ocrx_word' id='word_1_160' title='bbox 850 1824 976 1874; x_wconf 76' lang='lat' dir='ltr'><strong><em>festiviter</em></strong></span> <span class='ocrx_word' id='word_1_161' title='bbox 992 1825 1069 1888; x_wconf 87' lang='lat' dir='ltr'><strong><em>ipsius</em></strong></span> <span class='ocrx_word' id='word_1_162' title='bbox 1085 1825 1154 1890; x_wconf 89' lang='lat' dir='ltr'><strong><em>joci,</em></strong></span> 
     </span>
     <span class='ocr_line' id='line_1_19' title="bbox 122 1907 620 1962; baseline -0.01 -1"><span class='ocrx_word' id='word_1_163' title='bbox 122 1912 165 1962; x_wconf 87' lang='lat' dir='ltr'><strong><em>sed</em></strong></span> <span class='ocrx_word' id='word_1_164' title='bbox 175 1910 270 1960; x_wconf 81' lang='lat' dir='ltr'><strong><em>indoles</em></strong></span> <span class='ocrx_word' id='word_1_165' title='bbox 281 1908 387 1958; x_wconf 89' lang='lat' dir='ltr'><strong><em>hominis</em></strong></span> <span class='ocrx_word' id='word_1_166' title='bbox 398 1907 480 1957; x_wconf 82' lang='lat' dir='ltr'><strong><em>tetrici</em></strong></span> <span class='ocrx_word' id='word_1_167' title='bbox 490 1907 620 1957; x_wconf 85' lang='lat' dir='ltr'><strong><em>deridetur.</em></strong></span> 
     </span>
    </p>

    <p class='ocr_par' dir='ltr' id='par_1_10' title="bbox 122 1992 1154 2157">
     <span class='ocr_line' id='line_1_20' title="bbox 155 1992 1154 2059; baseline 0.002 -15"><span class='ocrx_word' id='word_1_168' title='bbox 155 1993 272 2045; x_wconf 83' lang='lat' dir='ltr'><strong><em>Ridieuli</em></strong></span> <span class='ocrx_word' id='word_1_169' title='bbox 281 2008 364 2058; x_wconf 75' lang='lat' dir='ltr'><strong><em>gerute</em></strong></span> <span class='ocrx_word' id='word_1_170' title='bbox 371 1993 494 2058; x_wconf 77' lang='lat' dir='ltr'><strong><em>patientie</em></strong></span> <span class='ocrx_word' id='word_1_171' title='bbox 505 2008 535 2041; x_wconf 86' lang='lat' dir='ltr'><strong><em>ac</em></strong></span> <span class='ocrx_word' id='word_1_172' title='bbox 546 1992 618 2054; x_wconf 76' lang='lat' dir='ltr'><strong><em>nnn]</em></strong></span> <span class='ocrx_word' id='word_1_173' title='bbox 652 1992 717 2043; x_wconf 83' lang='lat' dir='ltr'><strong><em>Cum</em></strong></span> <span class='ocrx_word' id='word_1_174' title='bbox 732 1992 804 2056; x_wconf 84' lang='lat' dir='ltr'><strong><em>jocus</em></strong></span> <span class='ocrx_word' id='word_1_175' title='bbox 817 1992 965 2057; x_wconf 85' lang='lat' dir='ltr'><strong><em>patientiam</em></strong></span> <span class='ocrx_word' id='word_1_176' title='bbox 976 1995 1106 2059; x_wconf 86' lang='lat' dir='ltr'><strong><em>quandam</em></strong></span> <span class='ocrx_word' id='word_1_177' title='bbox 1117 2010 1154 2046; x_wconf 89' lang='lat' dir='ltr'><strong><em>ac</em></strong></span> 
     </span>
     <span class='ocr_line' id='line_1_21' title="bbox 122 2076 671 2157; baseline -0.009 -26"><span class='ocrx_word' id='word_1_178' title='bbox 122 2080 273 2157; x_wconf 70' lang='lat' dir='ltr'><strong><em>modeputam</em></strong></span> <span class='ocrx_word' id='word_1_179' title='bbox 284 2077 390 2129; x_wconf 81' lang='lat' dir='ltr'><strong><em>hominis</em></strong></span> <span class='ocrx_word' id='word_1_180' title='bbox 399 2076 507 2129; x_wconf 83' lang='lat' dir='ltr'><strong><em>indolem</em></strong></span> <span class='ocrx_word' id='word_1_181' title='bbox 518 2093 567 2140; x_wconf 78' lang='lat' dir='ltr'><strong><em>pros</em></strong></span> <span class='ocrx_word' id='word_1_182' title='bbox 579 2092 606 2126; x_wconf 92' lang='lat' dir='ltr'><strong><em>se</em></strong></span> <span class='ocrx_word' id='word_1_183' title='bbox 617 2079 671 2126; x_wconf 79' lang='lat' dir='ltr'><strong><em>fert</em></strong></span> 
     </span>
    </p>

    <p class='ocr_par' dir='ltr' id='par_1_11' title="bbox 155 2153 1114 2226">
     <span class='ocr_line' id='line_1_22' title="bbox 155 2153 1114 2226; baseline 0 -13"><span class='ocrx_word' id='word_1_184' title='bbox 155 2165 221 2213; x_wconf 80' lang='lat' dir='ltr'><strong><em>Sect.</em></strong></span> <span class='ocrx_word' id='word_1_185' title='bbox 235 2163 272 2212; x_wconf 82' lang='lat'><strong><em>70.</em></strong></span> <span class='ocrx_word' id='word_1_186' title='bbox 294 2161 412 2212; x_wconf 70' lang='lat' dir='ltr'><strong><em>tutem</em></strong></span> <span class='ocrx_word' id='word_1_187' title='bbox 424 2161 534 2224; x_wconf 77' lang='lat' dir='ltr'><strong><em>tolieret]</em></strong></span> <span class='ocrx_word' id='word_1_188' title='bbox 569 2153 692 2225; x_wconf 65' lang='lat' dir='ltr'><strong><em>Eleg&#39;ieset</em></strong></span> <span class='ocrx_word' id='word_1_189' title='bbox 704 2162 799 2226; x_wconf 89' lang='lat' dir='ltr'><strong><em>abipso</em></strong></span> <span class='ocrx_word' id='word_1_190' title='bbox 810 2161 906 2211; x_wconf 86' lang='lat' dir='ltr'><strong><em>Nasica</em></strong></span> <span class='ocrx_word' id='word_1_191' title='bbox 918 2162 1114 2214; x_wconf 86' lang='lat' dir='ltr'><strong><em>admittendum.</em></strong></span> 
     </span>
    </p>

    <p class='ocr_par' dir='ltr' id='par_1_12' title="bbox 122 2245 1154 2467">
     <span class='ocr_line' id='line_1_23' title="bbox 157 2245 1154 2313; baseline 0.003 -16"><span class='ocrx_word' id='word_1_192' title='bbox 157 2247 222 2297; x_wconf 82' lang='lat' dir='ltr'><strong><em>Gurn</em></strong></span> <span class='ocrx_word' id='word_1_193' title='bbox 241 2253 306 2296; x_wconf 88' lang='lat' dir='ltr'><strong><em>eeeet</em></strong></span> <span class='ocrx_word' id='word_1_194' title='bbox 325 2245 550 2308; x_wconf 80' lang='lat' dir='ltr'><strong><em>admurrnuratum]</em></strong></span> <span class='ocrx_word' id='word_1_195' title='bbox 584 2246 650 2296; x_wconf 87' lang='lat' dir='ltr'><strong><em>Cum</em></strong></span> <span class='ocrx_word' id='word_1_196' title='bbox 667 2246 734 2297; x_wconf 86' lang='lat' dir='ltr'><strong><em>edito</em></strong></span> <span class='ocrx_word' id='word_1_197' title='bbox 752 2248 800 2296; x_wconf 89' lang='lat' dir='ltr'><strong><em>levi</em></strong></span> <span class='ocrx_word' id='word_1_198' title='bbox 816 2263 944 2296; x_wconf 87' lang='lat' dir='ltr'><strong><em>murmure</em></strong></span> <span class='ocrx_word' id='word_1_199' title='bbox 960 2247 1154 2313; x_wconf 81' lang='lat' dir='ltr'><strong><em>significassent</em></strong></span> 
     </span>
     <span class='ocr_line' id='line_1_24' title="bbox 123 2330 1152 2400; baseline 0.001 -18"><span class='ocrx_word' id='word_1_200' title='bbox 123 2332 165 2400; x_wconf 83' lang='lat' dir='ltr'><strong><em>qni</em></strong></span> <span class='ocrx_word' id='word_1_201' title='bbox 176 2333 288 2388; x_wconf 78' lang='lat' dir='ltr'><strong><em>aderam,</em></strong></span> <span class='ocrx_word' id='word_1_202' title='bbox 300 2346 350 2380; x_wconf 89' lang='lat' dir='ltr'><strong><em>non</em></strong></span> <span class='ocrx_word' id='word_1_203' title='bbox 360 2345 417 2380; x_wconf 88' lang='lat' dir='ltr'><strong><em>esee</em></strong></span> <span class='ocrx_word' id='word_1_204' title='bbox 428 2331 540 2395; x_wconf 87' lang='lat' dir='ltr'><strong><em>iniquum</em></strong></span> <span class='ocrx_word' id='word_1_205' title='bbox 553 2330 702 2389; x_wconf 73' lang='lat' dir='ltr'><strong><em>scevolam,</em></strong></span> <span class='ocrx_word' id='word_1_206' title='bbox 713 2330 801 2395; x_wconf 86' lang='lat' dir='ltr'><strong><em>quippe</em></strong></span> <span class='ocrx_word' id='word_1_207' title='bbox 813 2332 854 2393; x_wconf 91' lang='lat' dir='ltr'><strong><em>qui</em></strong></span> <span class='ocrx_word' id='word_1_208' title='bbox 870 2332 902 2381; x_wconf 89' lang='lat' dir='ltr'><strong><em>ab</em></strong></span> <span class='ocrx_word' id='word_1_209' title='bbox 913 2331 1027 2381; x_wconf 88' lang='lat' dir='ltr'><strong><em>omnibus</em></strong></span> <span class='ocrx_word' id='word_1_210' title='bbox 1038 2335 1152 2383; x_wconf 82' lang='lat' dir='ltr'><strong><em>sanctis-</em></strong></span> 
     </span>
     <span class='ocr_line' id='line_1_25' title="bbox 122 2416 347 2467; baseline -0.004 -1"><span class='ocrx_word' id='word_1_211' title='bbox 122 2418 199 2467; x_wconf 87' lang='lat' dir='ltr'><strong><em>simus</em></strong></span> <span class='ocrx_word' id='word_1_212' title='bbox 210 2416 347 2466; x_wconf 77' lang='lat' dir='ltr'><strong><em>haberetur.</em></strong></span> 
     </span>
    </p>

    <p class='ocr_par' dir='ltr' id='par_1_13' title="bbox 123 2497 1151 2652">
     <span class='ocr_line' id='line_1_26' title="bbox 159 2497 1151 2564; baseline 0.003 -14"><span class='ocrx_word' id='word_1_213' title='bbox 159 2501 251 2551; x_wconf 86' lang='lat' dir='ltr'><strong><em>Verum</em></strong></span> <span class='ocrx_word' id='word_1_214' title='bbox 261 2498 383 2561; x_wconf 73' lang='lat' dir='ltr'><strong><em>omnum]</em></strong></span> <span class='ocrx_word' id='word_1_215' title='bbox 417 2498 528 2549; x_wconf 86' lang='lat' dir='ltr'><strong><em>Notabat</em></strong></span> <span class='ocrx_word' id='word_1_216' title='bbox 544 2498 639 2550; x_wconf 82' lang='lat' dir='ltr'><strong><em>Nasica</em></strong></span> <span class='ocrx_word' id='word_1_217' title='bbox 650 2497 852 2564; x_wconf 80' lang='lat' dir='ltr'><strong><em>intempestivam</em></strong></span> <span class='ocrx_word' id='word_1_218' title='bbox 868 2499 987 2550; x_wconf 74' lang='lat' dir='ltr'><strong><em>Sceroln</em></strong></span> <span class='ocrx_word' id='word_1_219' title='bbox 1003 2501 1151 2557; x_wconf 76' lang='lat' dir='ltr'><strong><em>leuitatem,</em></strong></span> 
     </span>
     <span class='ocr_line' id='line_1_27' title="bbox 123 2582 1008 2652; baseline -0.002 -15"><span class='ocrx_word' id='word_1_220' title='bbox 123 2603 173 2652; x_wconf 86' lang='lat' dir='ltr'><strong><em>qua</em></strong></span> <span class='ocrx_word' id='word_1_221' title='bbox 183 2601 242 2636; x_wconf 80' lang='lat' dir='ltr'><strong><em>cum</em></strong></span> <span class='ocrx_word' id='word_1_222' title='bbox 253 2584 365 2648; x_wconf 86' lang='lat' dir='ltr'><strong><em>excipere</em></strong></span> <span class='ocrx_word' id='word_1_223' title='bbox 376 2585 452 2635; x_wconf 87' lang='lat' dir='ltr'><strong><em>vellet</em></strong></span> <span class='ocrx_word' id='word_1_224' title='bbox 462 2583 614 2643; x_wconf 67' lang='lat' dir='ltr'><strong><em>Gracchum,</em></strong></span> <span class='ocrx_word' id='word_1_225' title='bbox 626 2584 673 2633; x_wconf 80' lang='lat' dir='ltr'><strong><em>teti</em></strong></span> <span class='ocrx_word' id='word_1_226' title='bbox 684 2582 824 2647; x_wconf 78' lang='lat' dir='ltr'><strong><em>reipubliee</em></strong></span> <span class='ocrx_word' id='word_1_227' title='bbox 835 2583 934 2648; x_wconf 82' lang='lat' dir='ltr'><strong><em>iniquus</em></strong></span> <span class='ocrx_word' id='word_1_228' title='bbox 946 2591 1008 2635; x_wconf 85' lang='lat' dir='ltr'><strong><em>erat.</em></strong></span> 
     </span>
    </p>
   </div>
   <div class='ocr_carea' id='block_1_3' title="bbox 540 2775 725 2826">
    <p class='ocr_par' dir='ltr' id='par_1_14' title="bbox 540 2775 725 2826">
     <span class='ocr_line' id='line_1_28' title="bbox 540 2775 725 2826; baseline 0 -1"><span class='ocrx_word' id='word_1_229' title='bbox 540 2776 601 2826; x_wconf 74' lang='lat' dir='ltr'><strong><em>Ger.</em></strong></span> <span class='ocrx_word' id='word_1_230' title='bbox 620 2775 725 2826; x_wconf 78' lang='lat' dir='ltr'><strong><em>rt-eu</em></strong></span> 
     </span>
    </p>
   </div>
   <div class='ocr_carea' id='block_1_4' title="bbox 124 2922 1149 3835">
    <p class='ocr_par' dir='ltr' id='par_1_15' title="bbox 124 2922 1149 3835">
     <span class='ocr_line' id='line_1_29' title="bbox 157 2922 1149 2990; baseline 0.004 -17"><span class='ocrx_word' id='word_1_231' title='bbox 157 2923 232 2973; x_wconf 90' lang='lat' dir='ltr'><strong><em>Nunc</em></strong></span> <span class='ocrx_word' id='word_1_232' title='bbox 244 2923 377 2981; x_wconf 69' lang='lat' dir='ltr'><strong><em>Anwniue</em></strong></span> <span class='ocrx_word' id='word_1_233' title='bbox 388 2939 464 2988; x_wconf 86' lang='lat' dir='ltr'><strong><em>quum</em></strong></span> <span class='ocrx_word' id='word_1_234' title='bbox 476 2922 537 2973; x_wconf 84' lang='lat' dir='ltr'><strong><em>satie</em></strong></span> <span class='ocrx_word' id='word_1_235' title='bbox 548 2922 591 2973; x_wconf 92' lang='lat' dir='ltr'><strong><em>diu</em></strong></span> <span class='ocrx_word' id='word_1_236' title='bbox 601 2925 721 2986; x_wconf 85' lang='lat' dir='ltr'><strong><em>requiesse</em></strong></span> <span class='ocrx_word' id='word_1_237' title='bbox 733 2923 862 2982; x_wconf 86' lang='lat' dir='ltr'><strong><em>rideretur,</em></strong></span> <span class='ocrx_word' id='word_1_238' title='bbox 875 2926 906 2974; x_wconf 86' lang='lat' dir='ltr'><strong><em>eb</em></strong></span> <span class='ocrx_word' id='word_1_239' title='bbox 923 2923 977 2990; x_wconf 85' lang='lat' dir='ltr'><strong><em>ipso</em></strong></span> <span class='ocrx_word' id='word_1_240' title='bbox 994 2925 1089 2976; x_wconf 87' lang='lat' dir='ltr'><strong><em>Crasso</em></strong></span> <span class='ocrx_word' id='word_1_241' title='bbox 1101 2929 1149 2977; x_wconf 90' lang='lat' dir='ltr'><strong><em>ad·</em></strong></span> 
     </span>
     <span class='ocr_line' id='line_1_30' title="bbox 124 2988 1149 3054; baseline 0.003 -14"><span class='ocrx_word' id='word_1_242' title='bbox 124 2991 230 3040; x_wconf 87' lang='lat' dir='ltr'><strong><em>monitus</em></strong></span> <span class='ocrx_word' id='word_1_243' title='bbox 241 3005 292 3038; x_wconf 75' lang='lat' dir='ltr'><strong><em>sure</em></strong></span> <span class='ocrx_word' id='word_1_244' title='bbox 305 2988 461 3052; x_wconf 85' lang='lat' dir='ltr'><strong><em>expositionis</em></strong></span> <span class='ocrx_word' id='word_1_245' title='bbox 470 2988 539 3038; x_wconf 87' lang='lat' dir='ltr'><strong><em>filum</em></strong></span> <span class='ocrx_word' id='word_1_246' title='bbox 548 2988 649 3037; x_wconf 89' lang='lat' dir='ltr'><strong><em>ulterius</em></strong></span> <span class='ocrx_word' id='word_1_247' title='bbox 660 2990 779 3039; x_wconf 81' lang='lat' dir='ltr'><strong><em>deducere</em></strong></span> <span class='ocrx_word' id='word_1_248' title='bbox 791 2991 876 3054; x_wconf 80' lang='lat' dir='ltr'><strong><em>pergit.</em></strong></span> <span class='ocrx_word' id='word_1_249' title='bbox 911 2989 997 3048; x_wconf 83' lang='lat' dir='ltr'><strong><em>Quum</em></strong></span> <span class='ocrx_word' id='word_1_250' title='bbox 1008 2998 1099 3050; x_wconf 87' lang='lat' dir='ltr'><strong><em>orator,</em></strong></span> <span class='ocrx_word' id='word_1_251' title='bbox 1109 2995 1149 3043; x_wconf 91' lang='lat' dir='ltr'><strong><em>sic</em></strong></span> 
     </span>
     <span class='ocr_line' id='line_1_31' title="bbox 124 3053 1148 3121; baseline 0.002 -16"><span class='ocrx_word' id='word_1_252' title='bbox 124 3056 164 3105; x_wconf 86' lang='lat' dir='ltr'><strong><em>ille</em></strong></span> <span class='ocrx_word' id='word_1_253' title='bbox 176 3056 241 3112; x_wconf 85' lang='lat' dir='ltr'><strong><em>dicit,</em></strong></span> <span class='ocrx_word' id='word_1_254' title='bbox 252 3053 308 3116; x_wconf 90' lang='lat' dir='ltr'><strong><em>quid</em></strong></span> <span class='ocrx_word' id='word_1_255' title='bbox 325 3055 416 3103; x_wconf 87' lang='lat' dir='ltr'><strong><em>habeat</em></strong></span> <span class='ocrx_word' id='word_1_256' title='bbox 427 3070 527 3117; x_wconf 79' lang='lat' dir='ltr'><strong><em>quaque</em></strong></span> <span class='ocrx_word' id='word_1_257' title='bbox 538 3070 615 3103; x_wconf 81' lang='lat' dir='ltr'><strong><em>ceusu</em></strong></span> <span class='ocrx_word' id='word_1_258' title='bbox 631 3055 696 3109; x_wconf 88' lang='lat' dir='ltr'><strong><em>boni,</em></strong></span> <span class='ocrx_word' id='word_1_259' title='bbox 708 3054 766 3118; x_wconf 89' lang='lat' dir='ltr'><strong><em>quid</em></strong></span> <span class='ocrx_word' id='word_1_260' title='bbox 779 3055 847 3112; x_wconf 87' lang='lat' dir='ltr'><strong><em>mali,</em></strong></span> <span class='ocrx_word' id='word_1_261' title='bbox 858 3054 919 3104; x_wconf 83' lang='lat' dir='ltr'><strong><em>vidit</em></strong></span> <span class='ocrx_word' id='word_1_262' title='bbox 935 3064 1009 3119; x_wconf 86' lang='lat' dir='ltr'><strong><em>utque</em></strong></span> <span class='ocrx_word' id='word_1_263' title='bbox 1020 3059 1148 3121; x_wconf 84' lang='lat' dir='ltr'><strong><em>cognovit,</em></strong></span> 
     </span>
     <span class='ocr_line' id='line_1_32' title="bbox 124 3120 1147 3184; baseline 0.001 -13"><span class='ocrx_word' id='word_1_264' title='bbox 124 3123 182 3171; x_wconf 90' lang='lat' dir='ltr'><strong><em>illud</em></strong></span> <span class='ocrx_word' id='word_1_265' title='bbox 201 3123 371 3184; x_wconf 77' lang='lat' dir='ltr'><strong><em>amplectetur,</em></strong></span> <span class='ocrx_word' id='word_1_266' title='bbox 383 3127 491 3176; x_wconf 82' lang='lat' dir='ltr'><strong><em>exornet,</em></strong></span> <span class='ocrx_word' id='word_1_267' title='bbox 503 3128 651 3184; x_wconf 79' lang='lat' dir='ltr'><strong><em>exaggeret3</em></strong></span> <span class='ocrx_word' id='word_1_268' title='bbox 668 3121 715 3168; x_wconf 89' lang='lat' dir='ltr'><strong><em>hoe</em></strong></span> <span class='ocrx_word' id='word_1_269' title='bbox 733 3127 818 3169; x_wconf 87' lang='lat' dir='ltr'><strong><em>eutem</em></strong></span> <span class='ocrx_word' id='word_1_270' title='bbox 834 3120 870 3169; x_wconf 87' lang='lat' dir='ltr'><strong><em>itu</em></strong></span> <span class='ocrx_word' id='word_1_271' title='bbox 889 3120 1036 3177; x_wconf 82' lang='lat' dir='ltr'><strong><em>dissimulet,</em></strong></span> <span class='ocrx_word' id='word_1_272' title='bbox 1048 3124 1147 3180; x_wconf 83' lang='lat' dir='ltr'><strong><em>obruet,</em></strong></span> 
     </span>
     <span class='ocr_line' id='line_1_33' title="bbox 124 3184 1147 3251; baseline 0 -13"><span class='ocrx_word' id='word_1_273' title='bbox 124 3187 248 3250; x_wconf 85' lang='lat' dir='ltr'><strong><em>oculisque</em></strong></span> <span class='ocrx_word' id='word_1_274' title='bbox 264 3185 376 3251; x_wconf 87' lang='lat' dir='ltr'><strong><em>judicum</em></strong></span> <span class='ocrx_word' id='word_1_275' title='bbox 393 3185 521 3234; x_wconf 82' lang='lat' dir='ltr'><strong><em>subtrahat</em></strong></span> <span class='ocrx_word' id='word_1_276' title='bbox 532 3192 557 3232; x_wconf 88' lang='lat' dir='ltr'><strong><em>et</em></strong></span> <span class='ocrx_word' id='word_1_277' title='bbox 575 3184 722 3235; x_wconf 89' lang='lat' dir='ltr'><strong><em>auditorum.</em></strong></span> <span class='ocrx_word' id='word_1_278' title='bbox 756 3185 842 3234; x_wconf 74' lang='lat' dir='ltr'><strong><em>Cesar</em></strong></span> <span class='ocrx_word' id='word_1_279' title='bbox 852 3201 946 3248; x_wconf 89' lang='lat' dir='ltr'><strong><em>quoque</em></strong></span> <span class='ocrx_word' id='word_1_280' title='bbox 962 3203 993 3236; x_wconf 85' lang='lat' dir='ltr'><strong><em>ex</em></strong></span> <span class='ocrx_word' id='word_1_281' title='bbox 1010 3187 1094 3236; x_wconf 77' lang='lat' dir='ltr'><strong><em>Crassi</em></strong></span> <span class='ocrx_word' id='word_1_282' title='bbox 1106 3205 1147 3239; x_wconf 89' lang='lat' dir='ltr'><strong><em>re-</em></strong></span> 
     </span>
     <span class='ocr_line' id='line_1_34' title="bbox 125 3250 1147 3316; baseline -0.001 -13"><span class='ocrx_word' id='word_1_283' title='bbox 125 3269 214 3316; x_wconf 90' lang='lat' dir='ltr'><strong><em>sponso</em></strong></span> <span class='ocrx_word' id='word_1_284' title='bbox 224 3253 324 3309; x_wconf 79' lang='lat' dir='ltr'><strong><em>tutetur,</em></strong></span> <span class='ocrx_word' id='word_1_285' title='bbox 336 3268 384 3300; x_wconf 91' lang='lat' dir='ltr'><strong><em>non</em></strong></span> <span class='ocrx_word' id='word_1_286' title='bbox 401 3250 472 3299; x_wconf 89' lang='lat' dir='ltr'><strong><em>modo</em></strong></span> <span class='ocrx_word' id='word_1_287' title='bbox 485 3251 600 3299; x_wconf 89' lang='lat' dir='ltr'><strong><em>decorum</em></strong></span> <span class='ocrx_word' id='word_1_288' title='bbox 612 3250 656 3298; x_wconf 86' lang='lat' dir='ltr'><strong><em>sed</em></strong></span> <span class='ocrx_word' id='word_1_289' title='bbox 675 3250 752 3298; x_wconf 84' lang='lat' dir='ltr'><strong><em>etiam</em></strong></span> <span class='ocrx_word' id='word_1_290' title='bbox 770 3252 902 3300; x_wconf 89' lang='lat' dir='ltr'><strong><em>honestum</em></strong></span> <span class='ocrx_word' id='word_1_291' title='bbox 918 3251 976 3300; x_wconf 76' lang='lat' dir='ltr'><strong><em>ledi</em></strong></span> <span class='ocrx_word' id='word_1_292' title='bbox 996 3253 1028 3299; x_wconf 87' lang='lat' dir='ltr'><strong><em>eb</em></strong></span> <span class='ocrx_word' id='word_1_293' title='bbox 1039 3259 1147 3311; x_wconf 88' lang='lat' dir='ltr'><strong><em>oratore,</em></strong></span> 
     </span>
     <span class='ocr_line' id='line_1_35' title="bbox 124 3314 1147 3381; baseline 0.001 -14"><span class='ocrx_word' id='word_1_294' title='bbox 124 3320 164 3381; x_wconf 89' lang='lat' dir='ltr'><strong><em>qui</em></strong></span> <span class='ocrx_word' id='word_1_295' title='bbox 181 3318 240 3367; x_wconf 87' lang='lat' dir='ltr'><strong><em>illud</em></strong></span> <span class='ocrx_word' id='word_1_296' title='bbox 256 3324 404 3380; x_wconf 73' lang='lat' dir='ltr'><strong><em>preceptum</em></strong></span> <span class='ocrx_word' id='word_1_297' title='bbox 416 3316 562 3379; x_wconf 76' lang='lat' dir='ltr'><strong><em>negligendo</em></strong></span> <span class='ocrx_word' id='word_1_298' title='bbox 578 3314 610 3373; x_wconf 84' lang='lat' dir='ltr'><strong><em>ei,</em></strong></span> <span class='ocrx_word' id='word_1_299' title='bbox 623 3331 695 3377; x_wconf 89' lang='lat' dir='ltr'><strong><em>quern</em></strong></span> <span class='ocrx_word' id='word_1_300' title='bbox 708 3316 833 3372; x_wconf 85' lang='lat' dir='ltr'><strong><em>defendat,</em></strong></span> <span class='ocrx_word' id='word_1_301' title='bbox 845 3317 907 3364; x_wconf 90' lang='lat' dir='ltr'><strong><em>obsit</em></strong></span> <span class='ocrx_word' id='word_1_302' title='bbox 923 3318 963 3367; x_wconf 88' lang='lat' dir='ltr'><strong><em>vel</em></strong></span> <span class='ocrx_word' id='word_1_303' title='bbox 975 3317 1067 3380; x_wconf 79' lang='lat' dir='ltr'><strong><em>aliquid</em></strong></span> <span class='ocrx_word' id='word_1_304' title='bbox 1084 3320 1147 3368; x_wconf 89' lang='lat' dir='ltr'><strong><em>mali</em></strong></span> 
     </span>
     <span class='ocr_line' id='line_1_36' title="bbox 125 3380 1146 3444; baseline 0.001 -12"><span class='ocrx_word' id='word_1_305' title='bbox 125 3387 206 3432; x_wconf 84' lang='lat' dir='ltr'><strong><em>faeere</em></strong></span> <span class='ocrx_word' id='word_1_306' title='bbox 218 3383 294 3443; x_wconf 84' lang='lat' dir='ltr'><strong><em>relit3</em></strong></span> <span class='ocrx_word' id='word_1_307' title='bbox 310 3381 336 3429; x_wconf 88' lang='lat' dir='ltr'><strong><em>id</em></strong></span> <span class='ocrx_word' id='word_1_308' title='bbox 352 3382 416 3444; x_wconf 87' lang='lat' dir='ltr'><strong><em>quod</em></strong></span> <span class='ocrx_word' id='word_1_309' title='bbox 428 3380 551 3429; x_wconf 83' lang='lat' dir='ltr'><strong><em>Antonius</em></strong></span> <span class='ocrx_word' id='word_1_310' title='bbox 565 3396 641 3443; x_wconf 88' lang='lat' dir='ltr'><strong><em>quum</em></strong></span> <span class='ocrx_word' id='word_1_311' title='bbox 652 3382 729 3429; x_wconf 89' lang='lat' dir='ltr'><strong><em>fusius</em></strong></span> <span class='ocrx_word' id='word_1_312' title='bbox 746 3381 885 3437; x_wconf 76' lang='lat' dir='ltr'><strong><em>illustrarit,</em></strong></span> <span class='ocrx_word' id='word_1_313' title='bbox 897 3381 931 3429; x_wconf 88' lang='lat' dir='ltr'><strong><em>ad</em></strong></span> <span class='ocrx_word' id='word_1_314' title='bbox 947 3381 1058 3430; x_wconf 84' lang='lat' dir='ltr'><strong><em>ordinem</em></strong></span> <span class='ocrx_word' id='word_1_315' title='bbox 1070 3385 1146 3433; x_wconf 88' lang='lat' dir='ltr'><strong><em>eolla·</em></strong></span> 
     </span>
     <span class='ocr_line' id='line_1_37' title="bbox 125 3445 1146 3511; baseline -0.001 -12"><span class='ocrx_word' id='word_1_316' title='bbox 125 3451 292 3511; x_wconf 76' lang='lat' dir='ltr'><strong><em>rationemque</em></strong></span> <span class='ocrx_word' id='word_1_317' title='bbox 304 3462 385 3495; x_wconf 87' lang='lat' dir='ltr'><strong><em>rerum</em></strong></span> <span class='ocrx_word' id='word_1_318' title='bbox 396 3462 427 3495; x_wconf 85' lang='lat' dir='ltr'><strong><em>ae</em></strong></span> <span class='ocrx_word' id='word_1_319' title='bbox 439 3445 545 3495; x_wconf 85' lang='lat' dir='ltr'><strong><em>iecorum</em></strong></span> <span class='ocrx_word' id='word_1_320' title='bbox 557 3448 646 3494; x_wconf 89' lang='lat' dir='ltr'><strong><em>iterum</em></strong></span> <span class='ocrx_word' id='word_1_321' title='bbox 658 3446 733 3503; x_wconf 87' lang='lat' dir='ltr'><strong><em>redit,</em></strong></span> <span class='ocrx_word' id='word_1_322' title='bbox 744 3452 769 3494; x_wconf 93' lang='lat' dir='ltr'><strong><em>et</em></strong></span> <span class='ocrx_word' id='word_1_323' title='bbox 782 3448 804 3494; x_wconf 92' lang='lat'><strong><em>1.</em></strong></span> <span class='ocrx_word' id='word_1_324' title='bbox 815 3447 897 3502; x_wconf 88' lang='lat' dir='ltr'><strong><em>docet,</em></strong></span> <span class='ocrx_word' id='word_1_325' title='bbox 908 3448 981 3509; x_wconf 86' lang='lat' dir='ltr'><strong><em>quale</em></strong></span> <span class='ocrx_word' id='word_1_326' title='bbox 993 3463 1045 3495; x_wconf 89' lang='lat' dir='ltr'><strong><em>esee</em></strong></span> <span class='ocrx_word' id='word_1_327' title='bbox 1056 3449 1146 3498; x_wconf 84' lang='lat' dir='ltr'><strong><em>debeat</em></strong></span> 
     </span>
     <span class='ocr_line' id='line_1_38' title="bbox 125 3509 1145 3576; baseline -0.001 -12"><span class='ocrx_word' id='word_1_328' title='bbox 125 3514 245 3564; x_wconf 67' lang='lat' dir='ltr'><strong><em>arationis</em></strong></span> <span class='ocrx_word' id='word_1_329' title='bbox 261 3513 430 3576; x_wconf 70' lang='lat' dir='ltr'><strong><em>prineipiurnr</em></strong></span> <span class='ocrx_word' id='word_1_330' title='bbox 447 3509 470 3557; x_wconf 82' lang='lat'><strong><em>2.</em></strong></span> <span class='ocrx_word' id='word_1_331' title='bbox 490 3509 519 3558; x_wconf 85' lang='lat' dir='ltr'><strong><em>de</em></strong></span> <span class='ocrx_word' id='word_1_332' title='bbox 535 3513 574 3560; x_wconf 84' lang='lat' dir='ltr'><strong><em>rei</em></strong></span> <span class='ocrx_word' id='word_1_333' title='bbox 589 3514 732 3561; x_wconf 82' lang='lat' dir='ltr'><strong><em>narratione</em></strong></span> <span class='ocrx_word' id='word_1_334' title='bbox 749 3511 799 3560; x_wconf 86' lang='lat' dir='ltr'><strong><em>eive</em></strong></span> <span class='ocrx_word' id='word_1_335' title='bbox 816 3510 967 3573; x_wconf 83' lang='lat' dir='ltr'><strong><em>expositione</em></strong></span> <span class='ocrx_word' id='word_1_336' title='bbox 985 3512 1052 3576; x_wconf 83' lang='lat' dir='ltr'><strong><em>agit3</em></strong></span> <span class='ocrx_word' id='word_1_337' title='bbox 1072 3513 1096 3561; x_wconf 85' lang='lat'><strong><em>3.</em></strong></span> <span class='ocrx_word' id='word_1_338' title='bbox 1114 3513 1145 3563; x_wconf 85' lang='lat' dir='ltr'><strong><em>de</em></strong></span> 
     </span>
     <span class='ocr_line' id='line_1_39' title="bbox 127 3575 1144 3640; baseline -0.005 -13"><span class='ocrx_word' id='word_1_339' title='bbox 127 3582 201 3627; x_wconf 85' lang='lat' dir='ltr'><strong><em>eauetl</em></strong></span> <span class='ocrx_word' id='word_1_340' title='bbox 217 3575 337 3640; x_wconf 74' lang='lat' dir='ltr'><strong><em>ponendi,</em></strong></span> <span class='ocrx_word' id='word_1_341' title='bbox 349 3576 379 3624; x_wconf 91' lang='lat' dir='ltr'><strong><em>de</em></strong></span> <span class='ocrx_word' id='word_1_342' title='bbox 391 3592 416 3623; x_wconf 88' lang='lat' dir='ltr'><strong><em>rc</em></strong></span> <span class='ocrx_word' id='word_1_343' title='bbox 434 3576 566 3637; x_wconf 80' lang='lat' dir='ltr'><strong><em>probante,</em></strong></span> <span class='ocrx_word' id='word_1_344' title='bbox 578 3583 603 3625; x_wconf 89' lang='lat' dir='ltr'><strong><em>et</em></strong></span> <span class='ocrx_word' id='word_1_345' title='bbox 614 3578 713 3639; x_wconf 87' lang='lat' dir='ltr'><strong><em>quidem</em></strong></span> <span class='ocrx_word' id='word_1_346' title='bbox 724 3577 755 3625; x_wconf 87' lang='lat' dir='ltr'><strong><em>de</em></strong></span> <span class='ocrx_word' id='word_1_347' title='bbox 766 3577 854 3624; x_wconf 90' lang='lat' dir='ltr'><strong><em>nostris</em></strong></span> <span class='ocrx_word' id='word_1_348' title='bbox 866 3575 985 3638; x_wconf 72' lang='lat' dir='ltr'><strong><em>praesidiis</em></strong></span> <span class='ocrx_word' id='word_1_349' title='bbox 996 3576 1144 3626; x_wconf 78' lang='lat' dir='ltr'><strong><em>confirmer.</em></strong></span> 
     </span>
     <span class='ocr_line' id='line_1_40' title="bbox 126 3639 1145 3714; baseline 0.001 -23"><span class='ocrx_word' id='word_1_350' title='bbox 126 3645 172 3699; x_wconf 88' lang='lat' dir='ltr'><strong><em>dis,</em></strong></span> <span class='ocrx_word' id='word_1_351' title='bbox 185 3640 310 3691; x_wconf 77' lang='lat' dir='ltr'><strong><em>contrariis</em></strong></span> <span class='ocrx_word' id='word_1_352' title='bbox 321 3639 458 3687; x_wconf 82' lang='lat' dir='ltr'><strong><em>refutandis</em></strong></span> <span class='ocrx_word' id='word_1_353' title='bbox 468 3640 566 3714; x_wconf 64' lang='lat' dir='ltr'><strong><em>egregie</em></strong></span> <span class='ocrx_word' id='word_1_354' title='bbox 577 3641 688 3704; x_wconf 79' lang='lat' dir='ltr'><strong><em>precipit</em></strong></span> <span class='ocrx_word' id='word_1_355' title='bbox 698 3656 705 3702; x_wconf 83' lang='lat'>3</span> <span class='ocrx_word' id='word_1_356' title='bbox 721 3643 745 3689; x_wconf 87' lang='grc'><strong><em>4.</em></strong></span> <span class='ocrx_word' id='word_1_357' title='bbox 757 3640 787 3689; x_wconf 81' lang='lat' dir='ltr'><strong><em>de</em></strong></span> <span class='ocrx_word' id='word_1_358' title='bbox 798 3643 919 3690; x_wconf 65' lang='lat' dir='ltr'><strong><em>archonte</em></strong></span> <span class='ocrx_word' id='word_1_359' title='bbox 929 3641 1084 3692; x_wconf 85' lang='lat' dir='ltr'><strong><em>conelueione</em></strong></span> <span class='ocrx_word' id='word_1_360' title='bbox 1093 3645 1145 3693; x_wconf 87' lang='lat' dir='ltr'><strong><em>sire</em></strong></span> 
     </span>
     <span class='ocr_line' id='line_1_41' title="bbox 126 3702 1144 3775; baseline 0.004 -21"><span class='ocrx_word' id='word_1_361' title='bbox 126 3706 279 3768; x_wconf 77' lang='lat' dir='ltr'><strong><em>peroratione</em></strong></span> <span class='ocrx_word' id='word_1_362' title='bbox 289 3704 364 3752; x_wconf 87' lang='lat' dir='ltr'><strong><em>rerba</em></strong></span> <span class='ocrx_word' id='word_1_363' title='bbox 378 3702 448 3759; x_wconf 81' lang='lat' dir='ltr'><strong><em>feeit,</em></strong></span> <span class='ocrx_word' id='word_1_364' title='bbox 459 3705 546 3766; x_wconf 79' lang='lat' dir='ltr'><strong><em>quibus</em></strong></span> <span class='ocrx_word' id='word_1_365' title='bbox 557 3706 655 3768; x_wconf 76' lang='lat' dir='ltr'><strong><em>regulus</em></strong></span> <span class='ocrx_word' id='word_1_366' title='bbox 668 3707 789 3769; x_wconf 79' lang='lat' dir='ltr'><strong><em>quasdem</em></strong></span> <span class='ocrx_word' id='word_1_367' title='bbox 805 3708 933 3775; x_wconf 65' lang='lat' dir='ltr'><strong><em>genuam</em></strong></span> <span class='ocrx_word' id='word_1_368' title='bbox 945 3708 1023 3765; x_wconf 85' lang='lat' dir='ltr'><strong><em>addit,</em></strong></span> <span class='ocrx_word' id='word_1_369' title='bbox 1034 3709 1068 3757; x_wconf 89' lang='lat' dir='ltr'><strong><em>ad</em></strong></span> <span class='ocrx_word' id='word_1_370' title='bbox 1083 3725 1144 3772; x_wconf 81' lang='lat' dir='ltr'><strong><em>quea</em></strong></span> 
     </span>
     <span class='ocr_line' id='line_1_42' title="bbox 126 3767 1143 3835; baseline 0.006 -19"><span class='ocrx_word' id='word_1_371' title='bbox 126 3769 176 3817; x_wconf 87' lang='lat' dir='ltr'><strong><em>sint</em></strong></span> <span class='ocrx_word' id='word_1_372' title='bbox 187 3768 317 3831; x_wconf 67' lang='lat' dir='ltr'><strong><em>didpendn</em></strong></span> <span class='ocrx_word' id='word_1_373' title='bbox 326 3768 455 3814; x_wconf 75' lang='lat' dir='ltr'><strong><em>maeionee</em></strong></span> <span class='ocrx_word' id='word_1_374' title='bbox 465 3771 491 3814; x_wconf 91' lang='lat' dir='ltr'><strong><em>et</em></strong></span> <span class='ocrx_word' id='word_1_375' title='bbox 502 3767 676 3824; x_wconf 66' lang='lat' dir='ltr'><strong><em>larettatr&#39;onee,⁶</em></strong></span> <span class='ocrx_word' id='word_1_376' title='bbox 693 3771 804 3834; x_wconf 87' lang='lat' dir='ltr'><strong><em>denique,</em></strong></span> <span class='ocrx_word' id='word_1_377' title='bbox 812 3772 871 3834; x_wconf 73' lang='lat' dir='ltr'><strong><em>quiid</em></strong></span> <span class='ocrx_word' id='word_1_378' title='bbox 882 3771 913 3821; x_wconf 82' lang='lat' dir='ltr'><strong><em>de</em></strong></span> <span class='ocrx_word' id='word_1_379' title='bbox 921 3772 1037 3833; x_wconf 64' lang='lat' dir='ltr'><strong><em>merendi</em></strong></span> <span class='ocrx_word' id='word_1_380' title='bbox 1044 3774 1143 3835; x_wconf 62' lang='lat' dir='ltr'><strong><em>undat</em></strong></span> 
     </span>
    </p>
   </div>
   <div class='ocr_carea' id='block_1_5' title="bbox 0 0 1234 4276">
    <p class='ocr_par' dir='ltr' id='par_1_16' title="bbox 0 0 1234 4276">
     <span class='ocr_line' id='line_1_43' title="bbox 0 0 1234 4276; baseline 0 0"><span class='ocrx_word' id='word_1_381' title='bbox 0 0 1234 4276; x_wconf 95' lang='lat' dir='ltr'><strong><em> </em></strong></span> 
     </span>
    </p>
   </div>
  </div>
 </body>
</html>
