2452 4290
125 304 165 373 le
405 317 445 360 nr.
465 317 606 360 oanrouu
626 317 718 360 nuru
738 317 857 360 eumue.

122 465 283 531 tissimum
295 464 413 538 serunt,
422 463 649 548 Chrysippum,
658 464 886 546 disputavisse,
895 483 1001 545 neque
1011 464 1053 527 ob
1065 484 1147 529 eam
1223 496 1224 529 1

121 571 193 614 rem
203 549 414 632 philosophia
425 570 490 611 non
502 549 709 621 satisfecisse,
718 548 804 630 quod
815 569 881 612 nou
890 548 1042 612 habuerit
1052 549 1145 613 hanc
1223 578 1224 617 1

122 634 251 698 dicendi
265 636 299 696 in
314 643 385 696 arte
402 634 511 696 alieni
525 634 727 696 facultatem.
1223 682 1224 701 ,

164 718 233 782 XII.
265 717 355 795 Quid
376 739 455 799 ergo
477 717 634 782 interest?
665 727 724 780 aut
749 715 804 798 qui
829 717 993 780 discernes
1015 738 1144 793 eorum,
1223 760 1224 769 κ

122 819 203 885 quos
228 805 406 889 nominavi,
428 803 615 866 ubertatem
640 804 674 864 in
699 801 846 875 dicendo,
869 812 903 864 et
931 803 1069 885 copiam,
1096 803 1144 865 ab

122 908 236 952 eorum
251 884 481 968 cirilit'ate‘qtii
502 888 566 949 hac
581 886 710 952 dicendi
732 888 896 950 varietate
918 895 950 949 et
973 887 1146 966 elegantia

121 993 188 1034 non
210 970 370 1034 utuntur?
414 972 525 1036 Unum
550 973 611 1034 erit
636 971 791 1054 profecto,
812 970 898 1052 quod
921 971 954 1041 il,
976 973 1032 1052 qui
1055 970 1144 1033 bene

122 1057 243 1128 dicunt,
266 1055 406 1119 afferent
434 1058 622 1138 proprium;
652 1058 868 1137 compositam
892 1057 1083 1129 orationem,
1106 1065 1144 1119 et
1223 1074 1224 1077 ’

122 1151 283 1214 ornatam,
298 1150 331 1202 et
354 1141 494 1205 artificio
515 1141 656 1221 quodam
672 1150 705 1203 et
727 1142 924 1222 expolitione
939 1140 1142 1206 distinctam.

122 1223 204 1288 Haeo
217 1235 330 1287 autem
345 1227 458 1299 oratio,
470 1227 498 1287 si
512 1245 565 1288 res
579 1246 644 1288 non
659 1225 770 1288 subest
786 1225 831 1304 ab,
841 1233 969 1288 oratore
981 1236 1144 1307 percepta

122 1317 165 1371 e't‘
180 1311 323 1388 cognita,
338 1318 397 1371 aut
420 1310 514 1372 nulla
533 1311 575 1372 sit
598 1330 731 1373 necesse
747 1318 804 1383 est,
820 1319 878 1371 aut
902 1311 1048 1370 omniurn
1070 1311 1143 1372 irri-
1223 1342 1224 1353 2

121 1394 212 1456 sione
227 1393 369 1456 ludatur.
413 1394 502 1471 Quid
518 1403 567 1457 est
582 1397 669 1457 enim
684 1405 753 1457 tam
769 1393 937 1467 furiosum,
952 1395 1049 1473 quam
1064 1414 1140 1456 ver·

121 1476 246 1553 borum,
258 1480 312 1541 vel
327 1480 522 1560 optimorum
537 1488 636 1561 atque
649 1479 939 1559 ornatissimorum,
952 1480 1077 1539 sonitus
1092 1479 1142 1542 in·

121 1564 203 1636 anie,
219 1563 308 1626 nulli
333 1560 480 1641 subjecti
501 1563 671 1638 sententie,
685 1584 747 1629 nec
767 1559 929 1625 ‘scientiar
974 1561 1144 1643 Quicquid
1223 1562 1224 1631 i

121 1649 184 1709 erit
205 1649 306 1727 igitur
320 1649 512 1728 quicunque
528 1669 570 1710 ex
591 1659 671 1720 arte,
686 1667 878 1728 quocunque
894 1647 934 1708 de
956 1667 1084 1725 genere,
1107 1649 1144 1711 id

121 1739 239 1803 orator,
255 1733 292 1803 si,
306 1740 465 1810 tanquam
480 1732 608 1794 clientis
630 1751 776 1804 eausam,
790 1731 948 1804 didicerit,
964 1731 1050 1793 dicet
1071 1741 1143 1795 me-'
1223 1744 1224 1761 ¹

122 1815 185 1876 lius
201 1824 234 1876 et
256 1818 412 1887 ornatius
427 1817 525 1896 quarn
548 1816 604 1878 ille
628 1817 697 1898 ipse
712 1818 784 1896 ejus
804 1818 851 1878 rei
874 1818 1025 1878 inventor
1040 1825 1142 1896 atque

121 1899 250 1962 artifex.
295 1899 384 1962 Nam
399 1902 427 1962 si
442 1903 514 1980 quis
530 1903 603 1974 erit,
617 1902 673 1981 qui
695 1900 756 1962 hoc
771 1900 870 1973 dicat,
885 1920 956 1962 esse
979 1900 1143 1980 quasdam
1223 1962 1224 1967 ,

121 1993 288 2048 oratorum
310 1986 458 2067 proprias
473 1987 652 2048 sententias
668 1993 766 2071 atque
782 2004 910 2056 causas
925 1993 959 2049 et
974 1993 1143 2049 certarum

120 2088 231 2133 rerum
253 2069 436 2139 forensibus
458 2069 614 2134 cancellis
636 2070 918 2150 circumscriptam
944 2070 1141 2155 scientiamj

121 2151 252 2215 fatebor
267 2154 417 2234 equidem
431 2155 465 2215 in
480 2153 531 2216 his
547 2153 655 2233 magis
671 2154 801 2217 assidue
816 2154 943 2216 ve'rsa'ri
957 2153 1050 2215 hanc'
1065 2172 1141 2217 nos·

121 2246 208 2303 tram
222 2238 417 2302 dictionem:
441 2239 498 2301 sed
511 2247 623 2301 tamen
638 2240 672 2300 in
694 2236 745 2301 his
759 2240 839 2319 ipsis
854 2238 952 2300 rebus
974 2239 1148 2325 permulta„
1191 2296 1195 2305 ,

121 2331 206 2396 sunt,
221 2343 293 2402 quae
308 2324 363 2385 isti
384 2325 543 2403 magistri,
558 2324 614 2404 qui
635 2323 788 2386 rhetorici
803 2332 974 2395 vocantur,
989 2343 1050 2384 nee
1072 2327 1141 2386 tra·

121 2404 279 2470 duntnec
301 2416 423 2470 tenent.
468 2407 552 2485 Quis
568 2409 656 2470 enim
678 2409 791 2481 nescit,
806 2410 987 2470 maximam
1002 2407 1070 2468 vim
1085 2429 1140 2470 ex·
1223 2446 1224 2457 ,

121 2492 236 2553 sistere
252 2494 389 2555 oratoris
410 2494 445 2555 in
466 2492 635 2556 hominum
656 2492 820 2555 mentibus
840 2493 893 2554 vel
915 2492 958 2555 ad
980 2493 1064 2554 iram
1080 2502 1141 2555 aut
1223 2490 1224 2551 l

122 2574 165 2636 ad
187 2577 298 2640 odium
318 2585 377 2641 aut
399 2576 545 2641 dolorem
566 2577 750 2649 incitandis
765 2578 829 2650 vel,
845 2577 887 2640 ab
910 2576 999 2638 hisce
1023 2575 1141 2641 iisdem
1223 2598 1224 2651 r

120 2661 388 2741 permotionibus,
400 2661 442 2724 ad
457 2658 628 2726 lenitatem
643 2660 965 2740 misericordiamque
981 2681 1140 2722 revocan-

121 2742 193 2805 dis?
223 2767 306 2826 quae,
329 2748 392 2809 nisi
416 2749 471 2828 qui
492 2757 630 2816 naturas
651 2745 829 2817 hominum,
851 2745 984 2825 vimque'
1007 2765 1140 2808 omnem

120 2825 347 2903 humanitatis,
363 2851 546 2912 causasque
562 2852 620 2892 eas
635 2829 752 2910 quibus
773 2836 901 2910 mentes
917 2836 976 2890 aut
997 2831 1138 2891 incitan-
1223 2830 1224 2869 ¹

121 2919 176 2974 tur
190 2924 248 2975 aut
271 2915 494 2988 reflectuntur,
508 2915 639 2995 penitus
662 2915 873 2995 perspexerit,
892 2913 1038 2986 dicendo,
1053 2913 1140 2993 quod

121 2997 219 3070 volet,
233 2998 390 3078 perficere
405 3019 470 3061 non
492 2999 619 3080 poterit.
665 2998 765 3077 Atqui
786 3007 875 3060 totus
889 2997 942 3061 hic
959 2998 1049 3060 locus
1069 2997 1140 3078 phi-

121 3078 330 3163 losophorum
344 3085 492 3164 proprius
508 3083 653 3155 videtur3
675 3102 781 3162 neque
797 3093 916 3156 orator,
928 3103 980 3144 me
993 3092 1140 3153 auctore,
1215 3124 1224 3161 .;

120 3183 268 3246 unquam
290 3167 506 3248 repugnabit;
529 3166 686 3240 sederim
707 3165 771 3228 illis
786 3169 1006 3246 cognitionem
1027 3186 1139 3230 rerum

121 3253 329 3324 concesserit,
344 3251 430 3332 quod
451 3254 486 3317 in
501 3253 541 3315 eri
562 3252 668 3314 solum
689 3251 738 3313 illi
760 3253 923 3314 voluerint
946 3251 1138 3324 elaborare3

120 3336 355 3399 tractationem
377 3338 543 3409 orationis,
558 3357 631 3418 quae
646 3338 717 3398 sine
739 3336 796 3399 illd
812 3336 949 3401 scientia
970 3333 1064 3398 nulla
1078 3344 1139 3409 est,

121 3420 182 3482 sibi
194 3431 358 3484 assumet:
380 3419 441 3484 hoc
454 3423 541 3484 enim
553 3430 602 3503 est
616 3422 785 3509 proprium
795 3421 942 3493 oratoris,
954 3419 1040 3500 quod
1050 3422 1139 3501 saepe

117 3503 190 3582 jam
204 3504 281 3577 dixi,
296 3507 401 3567 oratio
421 3498 582 3584 grari‘s'et'
597 3504 724 3581 oruata,
739 3513 773 3573 et
796 3505 966 3568 hominum
989 3504 1139 3567 sensibus
1185 3512 1209 3563 t

69 3632 78 3659 ,
121 3607 162 3651 ac
177 3589 342 3651 mentibus
357 3590 615 3668 accommodata.
1223 3646 1224 3655 ,

72 3630 95 3723 l
163 3671 247 3735 xur.
269 3673 400 3751 enta
414 3673 454 3737 et
476 3675 575 3737 tetus
589 3673 802 3738 Aristotelem
817 3682 851 3737 tt
872 3670 1138 3756 Theophrastum
1223 3686 1224 3691 Ν

94 3757 288 3841 ιειοιὶρείεεε
303 3757 417 3823 fateor.
461 3758 528 3829 Sed
542 3757 628 3832 vide,
642 3778 685 3822 ne
706 3760 779 3833 hoe,
793 3757 954 3832 Scaevola,
974 3766 1079 3823 totum
1094 3758 1138 3822 sit
1223 3784 1224 3861 q
