2452 4290
315 364 357 410 η
376 364 519 410 orarem
539 364 628 408 mu
648 364 810 411 sucorum
1032 350 1073 410 tt

53 517 131 601 quid
151 518 189 578 iu
203 515 366 597 personis
379 521 414 576 et
427 515 462 575 in
477 514 652 576 constituti
666 533 701 576 re
717 523 750 576 et
768 514 903 576 definita
916 534 1076 594 quarere·

55 610 125 673 tur3
147 599 338 679 cujusmodi
353 608 438 670 sunt,
450 618 522 678 quae
537 599 571 659 in
586 597 657 660 foro
668 608 768 679 atque
784 601 817 660 in
830 601 952 661 civium
967 601 1077 663 causis
1125 670 1130 675 ,

56 684 413 766 disceptationibusque
425 691 608 744 versantur.
645 682 698 744 Ea
709 683 788 745 milri
804 684 955 745 videntur
970 695 1028 746 aut
1043 686 1077 747 in

57 770 111 833 lite
126 768 266 840 orandi,
280 778 340 829 aut
350 769 385 827 in
400 767 534 828 consilio
548 765 665 839 dando,
677 785 748 828 esse
760 770 884 848 posita:
907 788 986 829 nam
997 769 1077 830 illud

58 855 200 924 tertium,
215 850 304 932 quod
326 860 361 912 et
382 871 404 911 a
418 849 537 912 Crasso
557 859 684 911 tactum
705 861 764 924 est,
779 862 812 912 et
829 853 878 931 (ut
893 852 1004 931 audio)
1022 853 1076 916 ille

59 937 125 1018 ipse
148 936 357 1026 Aristotelea,
374 936 429 1014 qui
451 933 522 995 haec
543 935 687 995 maxime
709 935 897 1007 illustravit,
919 937 1078 1016 adjunxit,

59 1022 189 1082 etiamsi
212 1039 296 1100 opus
311 1028 369 1091 est,
384 1029 496 1079 tamen
511 1019 618 1079 minus
633 1028 682 1079 est
700 1023 930 1082 necessarium.
975 1020 1077 1096 Quid-

59 1103 158 1166 nami
191 1106 298 1182 inquit
320 1101 475 1174 Catulus3
502 1121 546 1163 an
567 1101 795 1165 laudationes?
825 1104 858 1166 id
880 1106 968 1166 enim
982 1105 1078 1168 video

59 1190 134 1267 poni
149 1207 257 1266 genus
271 1188 416 1249 tertium.

99 1271 155 1334 XI.
179 1271 240 1342 lta,
255 1272 359 1350 inquit
373 1271 555 1340 Antonius3
578 1260 614 1332 et'
626 1271 661 1330 in
675 1290 715 1331 eo
729 1270 860 1349 quidem
876 1291 995 1350 genere
1010 1275 1078 1335 scio

60 1364 92 1417 et
106 1376 171 1427 me,
183 1364 219 1417 et
233 1373 356 1425 omnes,
367 1355 422 1433 qui
438 1353 614 1426 affuerunt,
626 1353 808 1417 delectatos
822 1374 892 1417 esse
904 1354 1078 1418 vehemen-

60 1450 118 1512 ter,
133 1443 212 1502 eum
234 1439 295 1500 abs
315 1447 349 1500 te
364 1446 413 1499 est
431 1436 567 1519 Popilia,
584 1448 690 1500 mater
713 1448 831 1510 vestra,
846 1438 1002 1511 laudata3
1024 1442 1079 1502 cui

60 1526 202 1604 primum
223 1523 355 1585 mulieri
376 1522 463 1584 hunc
478 1522 633 1583 honorem
655 1524 689 1583 in
703 1524 812 1583 nostri
826 1524 961 1584 civitate
979 1522 1078 1585 tribu-

60 1618 130 1670 tum
151 1617 252 1689 puto:
282 1606 340 1668 sed
362 1627 427 1668 uon
448 1607 567 1678 omnia,
583 1625 784 1686 quoecunque
807 1608 976 1686 loquimur,
997 1606 1078 1668 mihi

59 1693 214 1753 videntur
228 1690 272 1753 ad
286 1701 393 1751 artem
407 1700 441 1752 et
456 1688 499 1751 ad
519 1700 687 1771 praecepta
701 1709 772 1752 esse
786 1690 982 1753 revocanda
1026 1690 1079 1754 Ex

16 1800 18 1827 ι
59 1778 99 1837 iis
110 1777 203 1837 enim
214 1774 366 1846 sontibus,
375 1775 461 1836 unde
475 1774 588 1835 omnia
598 1784 793 1837 ornamenta
805 1775 933 1837 dicendi
947 1794 1078 1836 sumun-

59 1871 122 1931 tur,
146 1859 262 1921 licebit
285 1861 387 1920 etiam
409 1858 634 1920 laudationem
656 1877 783 1930 ornare,
805 1878 911 1938 neque
934 1859 993 1920 illa
1013 1859 1078 1921 ele·

59 1954 176 2006 menta
198 1942 403 2014 desiderare3
433 1962 506 2022 quae
528 1951 564 2004 ut
589 1962 686 2004 nemo
707 1942 827 2014 tradat,
849 1943 921 2021 quis
943 1952 1001 2016 est,
1023 1944 1079 2022 qui

59 2030 199 2099 nesciat,
210 2047 282 2107 quae
298 2027 361 2088 sint
376 2029 411 2088 in
425 2026 556 2089 homine
572 2024 761 2088 laudanda?
806 2025 925 2090 Positis
936 2028 1025 2088 enim
1039 2029 1079 2090 iis

60 2112 168 2184 rebuS,
184 2130 267 2191 quas
282 2110 420 2173 Crassus
435 2113 468 2172 iu
484 2111 572 2172 illius
587 2112 742 2173 orationis
757 2130 834 2184 suae,
850 2131 949 2191 quam
965 2121 1080 2175 contra

61 2198 226 2274 collegam
241 2214 356 2257 censor
370 2194 495 2267 habuit,
510 2196 670 2276 principio
685 2195 777 2266 dixit,
795 2195 876 2267 Qua
890 2201 1008 2258 nutura
1023 2205 1078 2258 aut

55 2280 198 2363 furtum
213 2279 366 2340 darentur
377 2278 560 2351 hominibus,
572 2278 606 2339 in
617 2278 658 2339 iis
669 2279 759 2341 rebus
769 2299 802 2339 se
814 2281 900 2343 vinei
907 2300 999 2363 posse
1010 2280 1078 2341 cni·
1103 2356 1106 2359 Ι

60 2385 106 2425 mo
119 2383 211 2444 <equo
219 2362 313 2444 pati:
334 2382 404 2443 quac
418 2362 481 2445 ipsi
493 2362 554 2423 sibi
567 2361 701 2424 bornines
709 2384 829 2446 parare
839 2374 973 2446 possent,
988 2364 1023 2425 in
1038 2364 1079 2425 its

59 2448 151 2509 rebus
172 2467 205 2507 se
220 2447 306 2507 vinci
321 2444 393 2527 poti
414 2466 475 2509 nort
493 2466 582 2528 posse
594 2469 605 2516 ,·
632 2449 688 2526 qui
710 2447 858 2510 laudabit
881 2450 1078 2529 quempiam,

60 2532 234 2608 intelliget,
249 2530 443 2611 exponenda
457 2530 520 2592 sibi
542 2550 612 2592 esse
627 2531 766 2593 fortunae
787 2533 884 2594 bona.
928 2531 979 2593 Ea
993 2541 1078 2604 sunt,

59 2615 201 2692 generis,
216 2616 374 2694 pecuuiae,
388 2615 650 2694 propinquorum,
665 2616 855 2685 amicorum,
870 2633 978 2694 opum,
989 2615 1079 2676 vale·

59 2700 193 2769 tudinis,
219 2697 341 2770 l'ormae,
366 2700 495 2770 virium,
518 2699 651 2776 ingenii,
675 2708 931 2776 caeterarumque
960 2717 1078 2771 rerum,

60 2803 131 2861 quae
148 2790 226 2843 sunt
241 2790 300 2843 aut
322 2783 474 2864 corporis,
489 2792 548 2844 aut
570 2791 754 2843 extranea:
777 2784 805 2844 si
821 2781 981 2855 babuerit,
995 2784 1078 2845 bene

59 2865 108 2927 his
123 2884 243 2926 usum:
265 2867 292 2926 si
308 2886 373 2927 non
396 2865 556 2938 habuerit,
571 2868 738 2947 sapienter
759 2868 922 2929 caruisse:
945 2869 972 2929 si
997 2869 1079 2929 ami·

60 2952 149 3022 serit,
161 2948 329 3011 moderate
344 2950 467 3011 tulisse.
512 2944 648 3023 Deinde,
660 2950 738 3029 quid
752 2953 919 3033 sapienter
933 2955 970 3023 ie,
980 2971 1079 3031 quem

52 3033 185 3103 laudet,
208 3033 286 3112 quid
311 3033 499 3107 liberaliter,
521 3033 599 3113 quid
621 3033 757 3108 sortiter,
779 3036 856 3116 quid
877 3036 976 3116 juste,
1001 3033 1079 3114 quid

60 3116 248 3196 magnifice,
258 3117 335 3197 quid
350 3117 413 3198 pie,
424 3118 502 3197 quid
517 3119 620 3196 grati,
635 3120 711 3198 quid
727 3120 922 3191 humaniter,
934 3119 1009 3199 quid
1025 3119 1079 3180 de·

60 3203 160 3280 nique
176 3202 377 3279 cum‘aliqud
391 3203 523 3274 virtute,
538 3211 597 3264 aut
612 3203 728 3265 fecerit
747 3213 806 3265 aut
820 3205 941 3264 tulerit.
985 3201 1079 3273 Haec,

61 3295 92 3345 et
107 3305 183 3364 quae
198 3286 264 3346 sint
274 3287 346 3364 ejus
360 3286 499 3361 generis
510 3286 607 3348 facile
622 3286 756 3357 videbit,
767 3288 822 3365 qui
837 3285 926 3345 volet
941 3284 1078 3346 laudare

60 3370 266 3449 quempiam3
288 3378 321 3430 et
335 3371 390 3448 qui
402 3372 599 3449 vituperare,
611 3370 784 3431 contraria
828 3366 896 3428 Gur
910 3368 1011 3444 igitur
1021 3367 1077 3427 du·

59 3451 156 3524 bitae,
171 3453 278 3531 inquit
290 3451 437 3523 Catulus,
449 3453 558 3515 facere
574 3453 635 3515 hoe
650 3453 784 3515 tertium
799 3471 912 3530 genus,
922 3451 1077 3530 quoniam

60 3537 145 3598 inest
166 3538 200 3601 in
217 3538 343 3597 ratione
358 3535 490 3599 rerum?
514 3538 692 3609 nonenim,
708 3537 735 3598 si
757 3547 807 3597 est
821 3535 960 3606 facilius,
975 3555 1015 3597 eo
1037 3533 1077 3596 de

59 3639 198 3683 numero
220 3639 347 3700 quoque
372 3629 422 3682 est
447 3621 697 3701 excerpendum.
741 3620 833 3697 Quia
855 3621 940 3691 nolo,
963 3619 1077 3698 inquit,

59 3706 181 3776 omnia,
196 3723 270 3783 quae
285 3703 407 3766 cadunt
422 3705 597 3784 aliquando
612 3707 646 3766 in
662 3713 835 3777 oratorem,
846 3705 997 3784 quamvis
1011 3705 1077 3765 exi·

59 3807 127 3867 gua
140 3789 218 3860 sint,
227 3807 271 3851 ea
286 3789 333 3849 sic
347 3797 501 3859 tractare,
515 3789 610 3906 quasi
624 3788 705 3850 nihil
720 3790 821 3868 possit
831 3787 896 3850 dici
910 3790 981 3850 sine
995 3806 1077 3870 pra-
