2444 4276
481 379 689 434 noras-ma.
711 392 744 435 n.
1026 402 1029 407 ¹
1057 378 1122 438 229

91 537 186 586 should
206 537 281 586 twice
289 537 336 586 risa
347 537 396 586 and
407 538 458 596 tall,
470 538 552 587 which
564 539 660 601 pcriods
678 540 711 589 ha
721 538 885 589 nevertlreless
896 540 994 591 uttsrcd
1005 545 1033 590 at
1044 556 1060 590 a
1070 541 1122 591 ain·

93 622 136 685 gle
148 622 246 670 breath.

556 754 617 803 Car.
635 753 675 803 62.

130 887 220 945 Quum
229 887 353 937 Antonius
361 888 397 939 ita
409 888 606 947 contradixisset,
615 889 726 945 Crassus,
736 890 800 952 quod
811 889 872 938 satis
884 891 963 939 multa
974 891 1045 940 hodie
1057 891 1124 940 dicta

94 953 157 1009 sint,
170 955 246 1002 finem
267 952 408 1015 disputandi
425 956 537 1003 facturus
557 956 612 1004 lroec
632 953 716 1004 addit:
734 955 786 1003 “Si
806 956 941 1016 operarium
959 956 1029 1005 nobis
1047 958 1123 1014 hunc,

95 1019 205 1073 Antoni,
216 1026 337 1067 oratorem
350 1019 439 1076 fecisti,
452 1019 477 1068 id
494 1019 583 1083 potius,
596 1026 623 1067 ut
634 1026 705 1067 tuum
723 1018 750 1067 in
767 1021 899 1068 refellendo
917 1036 1023 1070 acumen
1041 1029 1124 1070 osten·

96 1086 177 1141 dores,
190 1100 266 1146 quam
278 1086 341 1146 quod
353 1087 384 1133 de
396 1084 500 1133 veritate
512 1084 586 1147 hujus
597 1085 728 1133 sententis
741 1084 836 1133 tibimet
847 1084 893 1149 ipsi
904 1085 966 1134 satis
978 1101 1123 1148 persuasum

95 1152 137 1208 sit,
155 1148 307 1197 commisisse
321 1149 381 1198 mihi
397 1149 491 1198 videris.
527 1145 654 1212 Equidem
673 1165 730 1197 vero
751 1149 776 1198 id
795 1156 860 1198 certe
878 1150 929 1198 mei
944 1153 1052 1201 muneris
1070 1167 1123 1199 esse

96 1214 195 1280 putavi,
214 1221 243 1261 ut
262 1214 371 1276 Sulpicio
389 1215 519 1277 Cottaeque
538 1216 736 1264 adolescentibus
751 1217 858 1263 oratoria
874 1217 1010 1278 imaginem
1026 1216 1125 1265 nullius

97 1279 240 1327 ornamenti
256 1287 381 1343 expertem
398 1277 433 1328 cd
449 1279 599 1328 imitandum
613 1284 799 1344 prvpmvrem.’'
832 1279 901 1330 Tum
917 1281 1032 1331 Scavola
1047 1296 1126 1332 senex

97 1360 159 1393 cum
171 1347 222 1392 sole
236 1343 375 1408 digreditur.

132 1465 201 1514 Sect
213 1464 253 1513 62.
278 1465 423 1514 Secundum
435 1465 501 1515 hunc
512 1465 588 1529 diem]
622 1467 682 1517 Post
693 1468 761 1518 hunc
772 1467 846 1517 diem.

132 1549 262 1620 Frangat]
298 1549 441 1599 Imminuet„

34 1660 38 1663 ·
134 1634 339 1696 caventonem]
373 1634 549 1685 Promisissem.

551 2169 619 2221 LIB.
636 2169 673 2221 11.

499 2334 727 2371 inconeussa.

529 2470 588 2518 cn.
606 2468 693 2519 1-10.

133 2613 166 2662 In
176 2614 285 2664 secundo
297 2612 365 2669 libro,
373 2618 502 2676 postquam
514 2612 611 2663 Tullius
622 2614 652 2663 de
660 2613 745 2662 Crassi
754 2612 905 2676 Antoniique
916 2611 1051 2663 eruditione
1061 2628 1121 2676 prn-

98 2679 197 2729 locutus
208 2686 254 2734 est,
266 2694 344 2728 novus
358 2679 388 2726 de
399 2685 495 2726 oratore
507 2678 571 2727 dialo
590 2695 618 2727 us
630 2679 725 2740 occipit,
738 2679 778 2728 cui
795 2678 917 2728 intersunt
928 2678 1033 2728 Catulus
1044 2695 1121 2728 senex

99 2751 125 2793 et
139 2744 169 2792 C.
180 2744 260 2793 Julius
272 2744 366 2800 Coesar,
378 2743 442 2792 illius
454 2746 535 2793 frater.
570 2694 618 2801 ἰαὶ
638 2759 713 2806 quum
732 2760 762 2792 eo
780 2749 879 2806 repente
890 2745 1055 2803 advenissent,
1067 2760 1121 2793 otn-

99 2825 199 2869 nesqne,
210 2809 252 2871 qui
261 2811 371 2866 aderant,
383 2808 448 2856 inter
463 2825 489 2857 ae
501 2807 652 2858 amicissime
664 2811 875 2866 consalutassent3
892 2808 1026 2858 disserendi
1038 2817 1121 2873 partes

98 2873 211 2937 inprimis
223 2877 255 2923 ad
267 2875 403 2923 Antonium
415 2874 563 2932 deseruntur,
571 2874 612 2936 qui
624 2875 768 2936 eloquentiae
778 2881 804 2922 et
816 2874 917 2923 oratoris
929 2876 1002 2923 laude
1011 2874 1121 2939 praemis·

99 2945 129 2988 sl
141 2955 183 3000 pro
195 2940 294 3004 ingenio
305 2955 350 2988 suo
360 2940 389 2986 de
401 2941 539 2987 inventione
551 2946 576 2987 et
587 2941 617 2988 dc
628 2940 785 2988 collocatione
796 2956 879 2988 rernm
891 2941 1045 3003 locorumque
1057 2956 1120 3005 prae·

100 3005 167 3066 cipit,
180 3011 228 3067 qua
247 3004 356 3067 inprimis
368 3003 478 3052 valuisse
496 3006 648 3063 credebatur,
662 3021 736 3068 quum
754 3012 840 3054 contra
858 3021 907 3053 non
920 3004 1121 3067 eloquentissimo

99 3084 211 3119 sermone
220 3076 329 3118 uteretur
338 3076 410 3130 atque
419 3068 548 3134 diligenter
555 3071 669 3134 loquendi
679 3070 770 3120 virtute
782 3077 876 3119 careret
887 3069 954 3131 (Vid.
964 3070 1032 3119 Brut
1041 3085 1062 3118 c.
1069 3071 1121 3127 ³7).

99 3134 205 3183 Catulus
216 3140 242 3182 et
251 3135 357 3185 Crassus
369 3150 498 3183 assensum
509 3136 550 3184 vix
561 3138 690 3185 sustinent.

133 3260 202 3309 Sect.
215 3262 236 3307 1.
262 3261 375 3320 Quocum
396 3267 450 3309 erat
468 3262 552 3309 nvat‘rv
571 3259 715 3321 matertera]
750 3259 850 3308 Ernesti
867 3274 982 3322 supposes
999 3260 1055 3309 that
1071 3259 1121 3307 thie

100 3345 184 3394 clause
196 3345 283 3393 should
295 3345 325 3393 bo
336 3344 442 3394 inserted
453 3344 622 3406 immediately
634 3346 697 3392 after
708 3346 750 3393 the
761 3346 850 3401 words,
859 3346 998 3407 propinquo
1011 3350 1103 3392 nostro.

133 3426 266 3490 Narravit]
302 3429 434 3487 Narravit,
447 3427 545 3477 Emesti
557 3429 676 3488 remarks,
686 3428 706 3477 is
720 3445 753 3477 an
764 3443 894 3477 erroneous
906 3429 1008 3491 reading
1016 3429 1053 3476 for
1063 3443 1120 3475 nor.

99 3513 171 3564 rvlvt
182 3530 209 3563 or
220 3521 375 3573 novaverat,
387 3517 450 3563 from
461 3515 493 3563 its
504 3512 607 3562 relation
618 3520 643 3562 to
654 3512 755 3571 solebat,
767 3511 829 3563 with
840 3511 923 3562 which
934 3513 953 3561 it
964 3513 985 3560 ia
998 3511 1083 3560 united
1093 3512 1120 3560 in

100 3598 274 3649 construction,

133 3682 197 3733 Gom
209 3700 317 3732 cavemus
328 3682 457 3746 ejusmodi,
470 3682 544 3746 quod]
579 3682 677 3732 Ernesti
690 3683 770 3733 would
780 3682 840 3733 read
854 3681 904 3732 this
915 3677 1120 3746 passage-Gom

100 3775 160 3819 esset
170 3767 301 3831 ejnnnvdi,
313 3773 359 3831 (sc.
371 3770 507 3834 negotium,
520 3768 569 3829 res)
584 3769 656 3832 qaod,
667 3773 716 3820 etc.

131 3852 275 3916 Humanae]
310 3853 412 3902 Doctus·

569 3924 611 3981 20
