2444 4276
116 371 179 429 luo
268 438 272 445 ⁴
386 386 425 427 nn
447 386 589 427 marcas
608 384 856 427 cum-russiae.

113 532 343 615 suetudinique
367 532 590 614 parcendum
621 540 680 594 aut
701 533 909 606 uanslatum,
931 532 1017 613 quod
1039 552 1133 597 max-

113 619 187 691 ime,
201 627 361 696 tanquam
376 618 479 680 stellis
494 616 699 698 quibusdam,
714 627 808 678 notat
822 624 856 678 et
877 618 1045 680 illuminat
1059 637 1133 680 ora·
1213 644 1214 695 ι

113 704 244 764 tionem.
1213 716 1214 723 ’

155 786 310 867 Sequitur
324 785 527 848 continuatio
538 785 722 857 verborum,
733 804 806 864 quae
817 784 900 847 duas
914 805 966 847 res
977 786 1134 858 maxime,

114 872 363 947 collocationem
373 870 523 951 primum,
533 868 648 930 deinde
658 868 790 933 modum
802 869 966 948 quendam
978 870 1135 932 formam-

113 976 186 1036 que,
200 942 373 1017 desiderat
417 953 574 1016 Collocat'
552 955 650 1015 tronis
665 962 715 1015 est
738 973 932 1034 componere
947 963 980 1016 et
1002 964 1133 1017 struere

113 1039 256 1101 verba
231 1059 288 1111 sio,
302 1046 339 1107 ut
361 1058 445 1100 neve
462 1057 558 1118 asper
573 1058 690 1100 eorum
702 1057 879 1100 concursus
893 1059 978 1100 neve
1000 1037 1135 1101 hiulcus
1213 1114 1214 1121 ἵ

113 1126 165 1196 sit,
191 1123 248 1184 sed
271 1121 508 1203 quodammodo
530 1131 781 1201 coagmentatus
804 1131 837 1183 et
860 1122 961 1185 laevis.
1008 1122 1045 1184 Ιιι
1068 1143 1136 1205 quo
1213 1148 1214 1167 2

113 1207 220 1289 lepide
235 1209 341 1269 soceri
360 1208 426 1267 mei
448 1207 586 1288 personis
604 1207 682 1268 lusit
702 1208 740 1278 is,
755 1208 811 1286 qui
832 1207 1078 1285 elegantissime
1102 1207 1137 1270 id

112 1290 223 1355 facere
239 1293 353 1373 potuit,
370 1290 526 1363 Lucilius,
849 1320 851 1325 ·

221 1451 306 1516 Qudm
318 1451 401 1519 lepide
412 1451 493 1503 lemeis
504 1451 657 1519 cmnpostae!
673 1458 704 1502 ιιι
716 1451 847 1504 tessendoe
859 1469 946 1504 omnes
1020 1422 1022 1427 V
1213 1508 1214 1529 Χ

217 1535 284 1587 Arte
290 1536 449 1604 pavimento
462 1542 538 1604 atque
550 1535 697 1588 emblemate
707 1537 884 1588 minutato
1212 1564 1214 1663 <

114 1676 199 1823 Qburp
215 1677 292 1822 cuitu
305 1675 462 1745 dixisset
453 1697 487 1738 ιιι
500 1674 677 1737 Albucium
691 1675 840 1782 illudens,
849 1696 891 1739 ne
903 1697 926 1739 a
935 1697 989 1740 me
1000 1676 1139 1759 quidem
1210 1718 1214 1773 ι

115 1781 136 1822 a
159 1781 174 1822 s
189 1781 292 1823 mur·

220 1912 348 1964 Crassum
360 1910 439 1964 babeo
447 1928 582 1982 generum,
595 1929 627 1963 ne
638 1910 830 1963 rhetoricotero’
843 1919 872 1964 ta
884 1913 929 1963 sis.

114 2050 205 2126 Quid
219 2047 319 2128 ergo?
342 2052 404 2111 iste
419 2049 565 2120 Crassus
577 2050 732 2128 quoniam
743 2051 815 2126 eJ'us
828 2048 975 2111 abuteris
989 2052 1139 2123 nomine,

114 2134 192 2214 quid
207 2131 328 2195 efficit?
352 2133 439 2194 idem
449 2132 530 2194 illud
545 2134 679 2204 scilicet,
692 2144 729 2195 ut
743 2135 799 2196 ille
812 2135 925 2206 voluit,
941 2141 973 2194 et
988 2154 1051 2212 ego
1067 2136 1139 2197 vel·

114 2219 189 2289 lem,
200 2218 316 2278 melius
327 2216 507 2297 aliquanto,
519 2218 615 2296 quam
628 2217 804 2279 Albucius:
827 2220 942 2280 verum
953 2218 987 2279 in
998 2238 1052 2281 me
1063 2222 1137 2298 qui-

115 2302 190 2364 dem
212 2302 290 2362 lusit
313 2302 378 2374 ille,
393 2311 430 2363 ut
445 2301 536 2362 solet.
549 2301 646 2366 'aSed
669 2311 718 2363 est
740 2311 852 2364 tamen
875 2303 944 2363 haec
960 2302 1138 2364 collocatio

115 2386 341 2448 conservanda
352 2385 535 2459 verborum,
545 2386 584 2448 de
600 2386 664 2467 qud
678 2385 800 2467 loquor,
812 2406 885 2465 quae
895 2389 1047 2465 junctam
1061 2406 1136 2449 ora-

115 2472 238 2532 tionem
254 2469 363 2542 efficit,
378 2490 450 2550 quae
466 2468 693 2541 cohaerentem,
708 2490 780 2551 quae
802 2471 920 2542 lenem,
936 2489 1008 2549 quae
1023 2490 1136 2549 aequa·

115 2554 224 2618 biliter
235 2555 422 2619 fluentem.¹
444 2554 479 2617 Id
490 2556 725 2653 assequemini,
735 2556 763 2616 si
777 2554 881 2700 vterba
895 2563 1044 2617 extrema
1056 2574 1136 2616 cum

116 2649 313 2720 consequent
301 2640 388 2701 tibus
403 2659 516 2720 primis
530 2649 579 2700 1
596 2641 715 2717 jtunge
716 2639 791 2732 iau
793 2648 909 2701 tneve
926 2656 1042 2720 aspere
1057 2659 1136 2700 con·

116 2733 259 2795 currant,
274 2745 359 2786 neve
374 2725 500 2785 vastius
515 2708 767 2785 diducuntur.
858 2730 967 2791 ,istra

157 2806 273 2870 XLIV.
293 2808 394 2871 Hanc
409 2807 616 2905 diligentiam
631 2806 838 2886 subsequitur
851 2792 966 2868 modus
980 2807 1084 2868 etiam
1100 2816 1136 2869 et

97 2886 222 2952 ‘forma
245 2891 430 2963 verborum,
444 2891 538 2970 quod,
558 2893 630 2969 jam
653 2911 779 2962 vereor,
794 2912 836 2953 ne
859 2889 935 2952 huic
950 2889 1069 2952 Catulo
1085 2893 1134 2952 vi-

116 2975 233 3036 deatur
255 2995 325 3037 esse
352 2975 486 3056 puerile.
531 2975 654 3037 Versus
667 2978 764 3038 enim
787 2986 917 3038 veteres
939 2975 1020 3035 illi
1012 2994 1047 3034 ιιι
1068 2973 1135 3037 hac

57 3114 61 3127 ,
103 3058 222 3137 'soluti
245 3062 391 3121 oratione
417 3061 660 3141 propemodum,
689 3060 751 3123 hoc
777 3070 836 3132 est,
862 3077 1013 3121 numeros
1039 3078 1134 3138 quos-

115 3143 201 3215 dam,
214 3143 306 3206 nobis
318 3164 388 3206 esse
401 3143 602 3206 adhibendos
613 3154 821 3225 putaverunt.
859 3143 1135 3224 Interspirationis
1213 3200 1214 3223 ,

116 3229 212 3301 enim,
224 3250 289 3291 non
304 3228 547 3307 defatigationis
562 3238 690 3301 nostrae,
699 3249 803 3308 neque
820 3227 1027 3290 librariorum
1038 3229 1135 3300 notia
1160 3293 1162 3296 ,
1213 3228 1214 3303 l

116 3313 172 3374 sed
188 3314 361 3375 verborum
375 3322 409 3375 et
431 3316 668 3375 sententiarum
683 3313 788 3385 modo,
803 3315 1028 3394 interpunctas
1044 3312 1134 3373 clau-

115 3396 206 3458 sulas
219 3400 254 3459 in
269 3398 471 3459 orationibus
487 3418 558 3459 esse
574 3398 768 3459 voluerunt:
789 3396 886 3477 idque
902 3397 1054 3478 princeps
1069 3395 1135 3456 Iso·

116 3489 224 3543 crates
238 3483 416 3543 instituisse
432 3481 495 3543 fert
483 3491 556 3554 tur3
578 3492 616 3543 ut
639 3482 840 3544 inconditam
864 3482 1073 3579 antiquorum
1087 3479 1134 3541 di·
1213 3520 1214 3537 ι

116 3564 210 3625 cendi
225 3573 360 3627 consuet
348 3564 503 3637 tudinem,
517 3567 670 3628 delectat
647 3567 746 3628 nonis
761 3576 860 3645 atque
877 3567 1007 3626 aurium
1022 3565 1134 3637 causd,

118 3644 404 3724 (quemadmodum
427 3650 539 3711 scribit
558 3650 734 3732 discipulos
758 3652 829 3728 eJ‘us
851 3646 1054 3748 Naucrates)
1073 3666 1133 3712 nu·

115 3732 215 3790 meris
229 3732 455 3808 adstringeret„
498 3731 652 3814 Namque
663 3733 735 3795 haec
750 3733 817 3796 duo
829 3735 943 3795 musici
947 3736 1022 3814 ,qui
1037 3741 1134 3796 erant

7 3832 8 3895 ι
116 3814 279 3888 quondam
299 3813 401 3876 iidem
425 3819 539 3893 pactae,
553 3817 733 3879 machinati
756 3817 799 3878 ad
822 3816 1026 3898 voluptatem
1048 3826 1133 3891 sunt,
