2444 4276
352 394 391 435 os
413 393 554 435 onerose
575 394 664 436 oman
684 394 821 438 runrnrs.
1034 381 1091 441 lul

70 542 164 619 gioso
179 539 335 621 praediolo
350 541 457 603 relicti
478 561 600 613 sumus,
616 543 805 604 stallorum
826 544 966 623 petroni,
980 554 1095 607 nostra

69 633 184 686 tenere
208 626 357 704 tuerique
374 645 438 687 non
460 628 647 706 potuimus3
673 625 716 687 ab
731 628 772 688 iis
787 625 887 706 (quod
911 628 1093 707 indignissi-

68 727 164 771 mum
178 708 242 787 est)
260 712 316 788 qui
331 712 365 771 in
379 719 528 772 nostrum
548 712 783 791 patrimonium
796 714 993 794 irruperunt,
1008 713 1093 794 quod

69 811 154 873 opus
168 802 219 854 est
234 792 339 866 nobis,
353 804 550 856 mutuemur.
583 838 621 865 ,s

111 876 262 939 XXVIII.
287 876 409 940 Dicunt
424 880 524 957 igitur
539 880 596 950 illi,
610 899 698 941 nuuc
713 878 855 959 quidem,
869 880 925 960 qui
939 901 980 943 ex
994 884 1092 962 parti·

69 961 145 1022 cula
166 963 272 1042 parvi
293 963 384 1027 urbis
405 983 446 1024 ac
466 963 529 1025 loci
543 984 664 1026 nomen
678 962 811 1037 habent,
825 973 859 1027 et
881 963 1093 1046 Peripatetici

68 1044 256 1127 philosophi
285 1056 344 1109 aut
373 1048 564 1111 Academici
593 1046 813 1120 nominantur,
843 1049 934 1129 (slim
970 1061 1092 1123 autem,

66 1140 205 1210 propter
220 1131 375 1197 eximiam
398 1152 507 1197 rerum
529 1135 749 1197 maximarum
770 1133 952 1205 scientiam,
968 1154 989 1195 a
1004 1134 1091 1196 Grae-

67 1208 116 1274 cis
131 1215 260 1294 politici
270 1214 453 1296 philosophi
465 1217 634 1297 appellati,
645 1218 872 1278 universarum
887 1236 997 1280 rerum
1011 1219 1091 1299 pub·
1118 1254 1122 1261 ’

67 1297 213 1359 licarum
227 1301 358 1363 nomine
374 1301 601 1379 vocabantun)
618 1320 749 1362 omnem
765 1302 896 1362 civilem
910 1304 1091 1366 orationem

67 1383 102 1443 in
124 1382 245 1452 horum
268 1384 428 1445 alterutro
449 1404 570 1462 genere
585 1376 721 1456 versari,
735 1392 794 1445 aut
809 1383 951 1446 definite
966 1386 1091 1448 oontr'o-

66 1469 188 1537 versiae
204 1470 302 1529 certis
317 1469 517 1548 temporibus
540 1489 579 1529 ac
602 1471 676 1547 reis,
698 1468 759 1530 hoc
775 1468 889 1530 modo:
912 1467 1091 1532 Placeatne

68 1571 90 1612 a
104 1549 436 1629 Carthaginiensibus
452 1554 600 1633 captivos
615 1552 750 1624 nomios,
760 1552 894 1615 redditis
908 1553 986 1625 suis,
1001 1572 1091 1616 recu·

66 1638 181 1716 perari
193 1634 213 1695 l
223 1646 282 1709 aut
297 1636 422 1697 infinite
434 1637 474 1698 de
489 1638 642 1699 universo
653 1638 773 1715 gehere
788 1638 982 1716 quaerentis:
1001 1636 1091 1713 Quid

66 1719 203 1781 omnino
218 1720 258 1781 de
274 1722 406 1802 captivo
421 1722 632 1787 statuendum
647 1741 687 1783 ac
702 1722 908 1785 sentiendum
923 1717 990 1783 siti
1035 1722 1091 1783 At·

10 1816 11 1819 ’
66 1823 133 1884 que
156 1804 274 1865 horum
296 1808 445 1886 superlus
459 1806 538 1868 illud
561 1825 665 1883 genus
680 1814 817 1867 causam
833 1816 891 1867 aut
905 1815 1090 1867 controver-

66 1890 155 1950 siam
177 1890 370 1969 appellant;
392 1908 531 1969 eamque
546 1890 660 1962 trihus,
681 1889 824 1961 lite,·aut
845 1888 1091 1959 deliberatione,

67 1982 129 2034 aut
144 1973 346 2057 laudatione,
361 1959 542 2036 definiunt:
559 1975 628 2036 haeo
645 1982 756 2035 autem
771 1973 879 2036 altera
894 1975 1091 2053 quaestioim

67 2050 166 2119 finita
186 2067 220 2118 et
242 2059 336 2141 quasi
351 2060 526 2139 proposita,
542 2054 739 2139 consultatio
761 2059 969 2131 nominatur;
992 2068 1090 2139 atque

66 2139 233 2204 hactenus
248 2143 433 2221 loquuntur.

111 2226 190 2287 Hac
207 2227 318 2297 etiarn,
332 2228 365 2288 in
388 2226 597 2298 instituendo,
612 2226 770 2291 divisione
786 2236 931 2300 utuntur,
953 2227 1010 2289 sed
1032 2231 1090 2298 ita,

66 2328 134 2372 non
157 2319 195 2372 ut
213 2312 287 2388 jure
304 2320 363 2372 aut
380 2312 514 2390 judidio,
530 2322 565 2379 ut
580 2313 613 2373 vi
628 2311 768 2392 demque
783 2331 978 2394 recuperare
995 2313 1089 2373 amis-

66 2413 143 2456 sam
166 2396 411 2475 possessionem,
434 2396 490 2457 sed
505 2405 551 2468 ut,
566 2416 616 2457 ex·
624 2397 699 2472 jure
715 2396 805 2457 civili
828 2396 958 2467 surculo
973 2395 1089 2457 defrin-

66 2478 187 2556 gendo,
202 2498 360 2559 usurpare
378 2480 559 2542 videantur.
604 2479 694 2541 Nam
716 2479 797 2540 illud
818 2480 961 2541 alterum
976 2498 1089 2556 genus·

66 2563 156 2643 quod
180 2573 231 2625 est
254 2564 467 2645 temporibus,
487 2564 577 2636 locis
596 2566 661 2627 tels
676 2562 856 2633 delinitum,
870 2563 1026 2633 obtinent,
1041 2570 1089 2622 at-

66 2666 132 2727 que
148 2647 290 2728 idipsum
306 2649 435 2711 lacinii.
480 2647 577 2710 Nune
593 2650 680 2710 enim
696 2646 784 2728 apud
799 2645 977 2716 Philonem,
992 2663 1089 2724 quem

66 2732 102 2793 in
126 2726 314 2793 Academid
332 2733 474 2795 maxime
490 2733 602 2811 vigere
626 2731 733 2803 audio,
755 2731 857 2792 etiam
880 2729 997 2790 harum
1016 2730 1089 2807 jam

67 2835 249 2878 causarum
270 2819 413 2894 cognitio
428 2819 683 2896 exercitatioque
699 2814 893 2878 celebratur.
939 2813 1090 2876 Alterum

66 2900 149 2962 verb
164 2900 391 2963 tantummodo
415 2901 449 2960 in
471 2901 577 2981 primi
600 2911 671 2962 arte
689 2897 848 2961 tradendi
860 2900 1041 2970 nominant,
1056 2908 1089 2961 et

66 2987 210 3047 oratoris
224 3004 295 3047 esse
307 2986 439 3047 dicunt:
454 2984 511 3046 sed
526 3005 630 3064 neque
643 2984 710 3046 vim
725 3004 830 3063 neque
845 2991 997 3046 naturam
1009 2985 1089 3061 ejus,

65 3089 129 3132 nec
154 3078 265 3148 partes
284 3091 346 3132 nec
361 3089 485 3147 genera
499 3078 703 3151 propopuut3
725 3079 763 3132 ut
785 3069 943 3148 praeteriri
958 3067 1090 3129 omnino

66 3153 169 3215 luerit
183 3154 296 3226 satiris,
307 3155 404 3233 quam
419 3162 620 3215 attentatum
635 3153 760 3215 deseri:
775 3171 862 3214 nunc
877 3154 965 3213 enim
980 3151 1089 3232 inopia

66 3239 208 3318 reticere
225 3238 471 3316 intelliguntur3
493 3247 564 3300 tum
573 3234 699 3315 judicio
714 3236 910 3297 viderentur.
922 3260 943 3285 α

111 3321 232 3385 XXIX.
255 3321 371 3384 Omnis
385 3323 486 3400 igitur
500 3342 552 3383 res
567 3320 707 3393 eandem
721 3320 821 3382 habet
843 3327 997 3381 naturam
1020 3340 1088 3381 am·

67 3406 214 3485 bigendi‚
229 3406 270 3468 de
284 3407 349 3486 qud
362 3410 465 3486 quaeri
479 3415 512 3468 et
526 3405 703 3484 disceptari
718 3410 834 3483 potest,
849 3404 919 3463 sive
934 3404 968 3464 in
983 3403 1088 3466 infini-

67 3494 112 3554 tis
127 3490 422 3556 consultationibus
433 3492 646 3570 disceptatur,
656 3490 726 3548 sive
741 3490 774 3549 in
789 3488 829 3548 iis
844 3489 954 3548 causis
967 3508 1040 3567 quae
1055 3490 1088 3549 in

68 3578 207 3640 civitate
222 3583 256 3636 et
270 3576 304 3636 in
319 3575 439 3637 forensi
454 3574 691 3654 disceptatione
703 3581 896 3645 versantur:
918 3592 1023 3650 neque
1040 3581 1089 3632 est

68 3662 150 3731 ulla,
171 3678 245 3739 quae
266 3679 330 3721 non
352 3670 411 3721 aut
433 3660 476 3721 ad
499 3657 718 3743 cognoscendi
741 3665 799 3718 eut
823 3656 866 3718 ad
888 3655 1007 3733 agendi
1022 3655 1090 3715 vim

68 3744 298 3824 rationemque
314 3744 484 3819 referatur.
529 3742 618 3805 Nam
632 3751 691 3803 aut
713 3742 786 3822 ipsa
801 3741 943 3818 cognitio
958 3739 1016 3808 rei,
1030 3738 1090 3798 sci-

69 3832 226 3908 entiaque
248 3830 466 3910 perquiritur3
489 3837 534 3898 ut,
542 3826 662 3963 dgnus
683 3844 820 3892 suamne
841 3830 973 3901 propter
987 3819 1088 3895 digni·
