2434 4286
349 403 389 445 aa
409 403 551 443 orirerur
572 401 660 442 amun
681 399 843 442 succubus.
1064 385 1108 443 88

19 585 33 622 η
70 551 119 613 ‘in
134 551 200 631 quir
213 551 337 621 omnia,
352 570 425 630 quae
440 550 497 611 ills
511 558 582 619 arte
598 546 685 610 effici
700 557 844 629 possunt,
859 567 881 609 a
895 545 1026 610 doctore
1041 557 1108 611 tra·

20 635 226 708 Mantur;
249 636 307 697 sed
329 636 385 714 qui
408 636 589 714 primarum
611 642 644 695 et
664 642 829 695 certarum
852 651 961 694 rerum
985 652 1109 711 genera

18 670 89 797 ΙΙΙ’
79 740 157 802 ipsa
172 682 356 782 didicerunt
344 720 508 798 treliqua
522 738 587 779 non
611 716 812 779 incommode
833 719 1106 797 persequuntur);

21 840 32 876 r:
79 806 236 866 similiter
251 804 423 875 arbitror,
414 822 449 863 in
470 803 574 864 hae
550 822 619 863 sure
635 804 762 863 ratione
785 803 854 864 sive
871 804 1107 864 exercitatione
1130 800 1133 807 ’

20 923 32 961 2·
81 889 224 961 dicendi,
237 908 294 969 qur
285 888 438 948 illam
416 889 484 949 vim
500 888 639 966 adeptus
654 889 705 958 sit,
721 897 758 948 ut
773 906 886 948 eorum
901 896 1037 958 mentes,
1052 890 1107 967 qui

80 986 143 1035 aut
160 974 201 1034 de
217 994 252 1034 re
267 971 409 1052 publica,
423 981 482 1033 aut
497 972 537 1032 de
553 973 656 1053 ipsius
670 970 777 1043 rebus
793 980 852 1033 aut
872 970 912 1032 de
928 972 977 1044 iis,
993 981 1108 1035 contra

20 1094 30 1129 3„
79 1079 175 1139 quos,
192 1066 251 1118 aut
272 1075 331 1137 pro
346 1057 465 1135 quibus
480 1057 578 1124 dicat,
594 1075 670 1117 cum
689 1056 798 1136 aliqud
813 1056 980 1118 statuendi
1001 1066 1107 1138 potes·

79 1152 154 1207 tate
171 1140 319 1212 audiant,
335 1139 377 1202 ad
393 1160 489 1201 suum
505 1139 677 1202 arbitrium
692 1160 823 1203 movere
840 1143 951 1222 possit,
967 1140 1054 1203 huno
1066 1141 1106 1203 de

80 1236 154 1288 toto
169 1227 226 1287 illo
248 1245 371 1303 genere
393 1226 595 1304 reliquarum
610 1227 795 1286 orationum
810 1245 874 1286 non
896 1227 970 1306 plus
991 1227 1106 1306 quaesi·

80 1319 196 1373 turum
223 1329 304 1381 esse,
330 1310 407 1388 quid
433 1309 531 1381 dicat,
557 1310 655 1388 quam
678 1308 883 1390 Polycletum
907 1311 1008 1381 illum,
1031 1315 1106 1372 cum

17 1431 28 1468 ‚5
81 1394 267 1457 Herculem
289 1393 446 1471 fingebat,
461 1393 738 1473 quemadmodum
752 1393 873 1472 pellem
888 1402 947 1455 aut
969 1393 1121 1474 hydram,

17 1516 27 1554 L
80 1480 234 1557 fingeret,
255 1478 386 1540 etiamsi
408 1476 479 1539 haec
501 1488 669 1558 nunquam
692 1479 873 1609 separatim
893 1476 1005 1539 facere
1027 1478 1107 1540 didi·

16 1600 26 1637 ,
81 1566 193 1626 cisset.

106 1646 231 1709 ..xvll
254 1645 341 1709 Tum
362 1645 519 1707 Catulusz
545 1645 706 1709 Praeclare
729 1645 809 1707 mihi
830 1646 959 1718 videris,
976 1646 1107 1744 Antoni,

16 1769 25 1807 Ι·
81 1733 233 1814 posuisse
258 1741 335 1792 ante
303 1731 480 1801 toculoS,
502 1731 579 1809 quid
604 1731 730 1792 discere
754 1740 919 1812 oporteret
943 1751 1028 1803 eum,
1051 1733 1107 1811 qui

16 1854 24 1891 5
81 1828 198 1880 orator
213 1825 299 1877 esset
315 1815 463 1886 futurus3
485 1814 572 1894 quid,
587 1816 718 1877 etiamsi
740 1836 806 1877 non
820 1816 995 1886 didicisset,
1010 1836 1107 1878 exeo

16 1940 24 1975 1.
82 1901 172 1981 quod
186 1899 361 1972 didicisset,
376 1908 577 1961 assumeret:
599 1898 760 1961 deduxisti
777 1902 865 1963 enim
887 1908 991 1962 totum
1006 1899 1107 1961 homi·
1138 1924 1141 1929 ’

82 2005 163 2047 nem
178 1987 211 2046 in
227 1984 292 2046 duo
307 1984 411 2045 solnm
426 2003 550 2061 genera
565 2002 761 2056 causarum3
784 1993 906 2046 eaetera
920 1986 1106 2047 innumera-

82 2069 167 2132 bilia
189 2069 416 2130 exeroitationi
439 2077 472 2129 et
493 2068 698 2130 similitudini
720 2070 888 2148 reliquisti.
934 2068 1000 2131 Sed
1022 2070 1107 2142 vide,

17 2218 20 2227 Δ
82 2174 126 2215 ne
152 2155 186 2214 in
212 2154 284 2215 istis
305 2152 432 2214 duobus
456 2153 631 2230 generibus
653 2152 758 2235 hydra
779 2154 839 2216 tibi
861 2156 913 2227 sit,
935 2166 968 2216 et
990 2154 1105 2235 pellis;

15 2275 20 2313 ÷
84 2238 249 2301 Hercules
264 2247 386 2309 autem,
401 2246 434 2298 et
449 2237 518 2298 alia
533 2257 635 2317 opera
649 2240 785 2317 majora,
801 2259 851 2311 ne,
867 2241 901 2303 in
919 2240 984 2301 illis
998 2238 1107 2311 rebus

15 2375 17 2384 .
83 2342 168 2402 quas
183 2323 416 2403 praetermittis,
430 2322 667 2400 relinquantur.
712 2322 788 2384 Non
800 2326 887 2386 enim
902 2323 983 2386 mihi
998 2324 1107 2384 minus

15 2454 17 2480 2
84 2406 346 2487 operislvidetur
368 2405 408 2467 de
423 2407 587 2467 universis
612 2408 788 2484 generibus
811 2428 930 2480 rerum,
953 2408 1051 2488 quarn
1066 2406 1106 2469 de

84 2491 290 2568 singulorum
305 2491 424 2562 causis
439 2509 480 2551 ae
495 2489 600 2551 multo
615 2492 717 2552 etiarn
731 2494 839 2570 majus
854 2493 894 2554 de
910 2492 1027 2552 nature
1043 2490 1107 2554 De·

84 2576 301 2654 orum,qui1m
324 2573 363 2636 de
388 2573 557 2636 hominum
581 2574 702 2648 litibus,
716 2575 834 2636 dicere.
879 2574 955 2637 Non
979 2584 1029 2637 est
1050 2576 1107 2648 ita,

83 2660 191 2739 inquit
206 2660 387 2721 Antonius:
411 2658 520 2720 dicam
536 2660 624 2720 enim
639 2659 708 2730 tibi,
724 2658 852 2730 Catule,
867 2679 931 2720 non
947 2668 1017 2721 tam
1031 2659 1106 2722 doc·

82 2752 149 2815 tue,
164 2744 262 2824 quam
276 2743 321 2824 (id
337 2742 422 2823 quod
438 2754 488 2804 est
501 2743 622 2821 majus)
635 2752 798 2824 expertus
841 2742 996 2806 Omnium
1012 2753 1107 2806 caete·

18 2888 19 2891 ,
82 2847 201 2890 rarum
222 2847 332 2889 rerum
347 2828 460 2901 oratio,
475 2827 555 2888 mihi
577 2826 683 2900 crede,
706 2828 802 2890 ludus
824 2840 873 2890 cst
895 2828 1020 2892 homini
1042 2849 1106 2892 non

83 2911 207 2983 hebeti,
216 2932 322 2992 neque
338 2913 564 2984 inexercitato,
579 2931 685 2991 neque
701 2916 925 2976 communium
936 2915 1106 2977 literarum

47 3035 57 3047 -
84 3004 118 3058 et
142 2996 303 3076 politioris
316 2996 544 3073 humanitatis
559 2995 703 3077 experti:
726 2998 760 3059 in
775 3019 952 3062 causarum
975 3009 1107 3061 conten-

16 3114 17 3167 Ι
83 3080 230 3142 tionibus
246 3100 405 3159 magnum
420 3090 470 3143 est
491 3080 656 3161 quoddam
670 3102 761 3163 opus,
776 3094 874 3163 atque
896 3084 986 3147 haud
1004 3085 1108 3145 sciam

16 3212 17 3235 2
84 3185 128 3226 an
144 3165 185 3226 de
201 3164 355 3227 humanis
369 3164 523 3245 operibus
538 3166 634 3244 longe
654 3169 853 3240 maximum
875 3170 910 3229 in
924 3168 1042 3248 quibus
1057 3168 1108 3229 vis

15 3254 17 3263 ⁴
83 3251 225 3311 oratoris
240 3251 433 3329 plerumque
445 3250 489 3310 ab
504 3251 665 3331 imperitis
676 3253 768 3312 exitu
782 3259 816 3312 et
831 3252 968 3312 victorid
978 3250 1106 3328 judiea-
1198 3296 1199 3325 3

15 3374 16 3393 2
83 3343 157 3405 tur3
180 3334 239 3395 ubi
254 3334 347 3396 adest
363 3343 510 3397 armatus
525 3333 744 3400 adversarius,
759 3334 815 3411 qui
830 3334 872 3395 sit
886 3343 919 3395 et
942 3334 1108 3396 feriendus
1198 3350 1199 3375 ³

84 3428 116 3480 et
132 3418 361 3499 repellendus:
384 3418 442 3480 ubi
458 3419 543 3501 saepe
560 3420 597 3489 is,
608 3418 665 3496 qui
680 3417 728 3479 rei
742 3415 893 3479 dominus
905 3416 1033 3480 futurus
1049 3428 1107 3490 est,

84 3504 214 3564 alienus
230 3513 329 3583 atque
344 3505 458 3574 iratus
474 3511 533 3564 aut
548 3504 650 3563 etiam
666 3501 793 3563 amicus
808 3501 998 3564 adversario
1013 3512 1045 3564 et
1060 3502 1107 3563 in·

15 3650 16 3653 ,
83 3587 470 3660 imicustibiest30i1m
484 3597 544 3648 aut
565 3585 729 3648 docendus
751 3588 779 3648 is
794 3596 852 3659 est,
868 3596 927 3648 aut
948 3586 1106 3648 dedocen-
1197 3620 1198 3629 κ

83 3671 153 3743 dus.
169 3679 229 3733 aut
250 3671 486 3752 reprimendus,
501 3680 559 3732 aut
582 3670 778 3743 incitandus,
793 3682 852 3733 aut
874 3674 962 3734 omni
977 3673 1106 3734 ratione

83 3755 126 3817 ad
153 3765 296 3837 tempus,
318 3756 361 3818 ad
388 3774 534 3827 eausam,
556 3758 706 3823 oratione
732 3756 951 3820 moderandus
975 3757 1022 3839 (in
1043 3775 1107 3837 quo
1197 3788 1198 3801 κ

83 3840 170 3921 saepe
195 3841 429 3908 benevolentia
443 3840 485 3907 ad
509 3839 630 3912 odium,
643 3840 755 3905 odium
778 3850 891 3909 eutem
906 3841 950 3905 ad
963 3841 1105 3906 benevo-
1168 3918 1178 3941 Ι
