2444 4276
476 356 684 401 nom-ns.
707 356 727 397 1.-
1050 338 1115 403 Μ

92 510 124 559 os
134 506 244 556 reduced
262 511 288 555 to
300 521 316 553 s
327 510 437 569 system
451 504 489 553 lor
501 519 539 552 we
550 517 593 553 ure
603 508 631 550 st
647 500 735 568 liberty
747 509 772 550 to
783 502 896 553 enemim
912 502 964 551 into
975 502 1018 553 the
1028 514 1116 553 mures

91 593 121 641 ol
135 607 237 641 success
254 589 280 638 in
291 591 369 638 either
381 604 447 646 osse,
458 589 516 637 both
528 589 556 636 ol
569 589 640 636 those
653 588 707 637 who
724 586 801 649 speulr
812 593 839 635 et
857 588 968 647 mndom,
981 587 1030 635 end
1045 588 1116 637 those

92 677 151 726 who
172 677 236 724 heve
256 675 305 723 hed
322 672 474 736 experiente,
486 672 535 721 und
553 672 610 729 this,
622 672 656 720 eli
674 673 755 720 would
774 671 960 736 ncknorrledge,
977 673 998 720 is
1014 688 1031 721 a
1047 670 1116 721 work

6 790 7 793 =
92 762 122 810 ot
136 758 304 809 srt’'-Rhet
316 758 369 807 Liu
381 758 403 814 1,
415 757 477 819 Cup
490 756 512 805 1.
545 755 633 805 Cicero
643 771 724 807 menn
735 763 761 805 to
771 757 835 807 lure
846 758 896 806 hnd
912 756 962 806 this
973 772 1080 822 persepe
1090 757 1116 806 in

119 861 133 892 e
159 879 166 890 .

95 860 119 895 '¹
128 860 184 976 iila
196 926 285 975 subtili
296 908 448 987 definitione]
483 924 511 974 lt
518 931 562 973 not
572 925 606 986 by
616 923 687 977 strici
697 923 784 988 logical
798 924 931 975 defiuition.

129 1012 199 1060 Sect
207 1011 246 1059 24.
268 1010 303 1059 In
311 1010 462 1075 pensando]
497 1009 831 1073 Insolicitingrotes-Vid.
841 1007 1117 1072 Adsm'sRom.Antiq.

129 1097 198 1144 Sect
207 1094 246 1143 25.
268 1094 398 1143 Naturam
407 1092 529 1156 defuisse]
561 1093 639 1143 Tisias
649 1101 675 1142 et
685 1093 775 1143 Coraci
791 1095 849 1143 artis
860 1093 989 1148 rhetoricus
1005 1096 1117 1145 invento·

3 1214 5 1221 ·
94 1179 165 1230 ribus
176 1195 227 1229 non
237 1179 401 1228 institutiones
412 1179 529 1235 oratorios,
541 1179 584 1228 sed
595 1177 722 1243 ingenium
734 1177 819 1228 deluit.

130 1265 164 1313 Si
176 1264 237 1325 dac]
271 1262 336 1311 Hsso
347 1278 403 1326 quse
415 1268 504 1311 nutrire
514 1263 624 1327 largitur.

132 1349 252 1412 Corporis
261 1348 338 1409 oseti]
372 1346 532 1409 Incompositi
543 1345 570 1395 in
580 1352 659 1410 gestu,
670 1345 802 1396 insonusti.

131 1433 201 1482 Sect
212 1432 254 1480 26.
277 1431 402 1480 Barbaria
409 1430 532 1494 sorensis]
566 1430 691 1480 Barbaria
702 1430 743 1479 hic
754 1432 859 1479 sumitur
869 1445 912 1492 pro
920 1428 981 1479 sitin
992 1428 1118 1481 ”monh

134 1515 234 1577 Quibus
245 1530 342 1563 necesse
354 1515 401 1577 est]
436 1515 519 1564 Those
532 1516 613 1563 whose
626 1530 701 1563 cause
712 1517 743 1563 he
755 1516 896 1564 advocates.
913 1518 916 1539 ²

134 1600 235 1661 Quibus
246 1600 321 1648 didere
334 1600 409 1648 liceat
414 1599 544 1663 judicare]
578 1598 662 1648 Thone
671 1600 727 1649 who
738 1615 780 1647 are
792 1606 818 1647 nt
829 1599 917 1662 liberty
925 1605 950 1648 to
958 1598 1035 1664 judgc
1047 1597 1118 1648 with·

2 1706 4 1743 l
97 1692 142 1737 ont
153 1684 349 1748 preposssssion3
363 1685 418 1733 that
429 1683 458 1742 is,
470 1686 512 1734 the
524 1691 575 1733 rest
585 1685 614 1732 ol
623 1685 665 1733 the
677 1683 804 1733 sudisnoe

133 1769 243 1833 Culpam
251 1767 384 1832 praerato]
419 1768 450 1817 In
461 1785 502 1817 rne
512 1767 626 1830 suscipio,
638 1785 712 1831 quem
724 1768 804 1825 times,
817 1769 924 1831 culpem.

132 1853 253 1902 Sectti.
278 1852 405 1916 Spectatr']
438 1852 586 1917 Spectatum
602 1851 701 1910 dieitur,
717 1852 835 1915 quidquid
852 1853 924 1901 certis
940 1849 1119 1915 experimentis,

1 1956 8 1971 ³
98 1938 171 2002 qmle
184 1936 225 1993 sit,
237 1936 365 2001 cognitum
377 1943 423 1985 est.

135 2021 245 2070 Grudiar
251 2020 318 2083 fuit]
340 2038 341 2041 ¹
353 2021 487 2070 Stomacho
498 2021 616 2069 laboravit
626 2025 723 2084 propter
734 2020 800 2069 cibos
812 2035 862 2069 nun
873 2026 1014 2069 concoctos.

134 2106 201 2154 Seet
212 2105 252 2154 28.
276 2104 392 2166 Artificis
407 2120 527 2168 perquam
547 2105 625 2167 terrui]
659 2104 716 2157 The
731 2106 865 2168 profession
876 2106 904 2153 ol
921 2120 937 2152 e
949 2111 1019 2170 stupe
1036 2104 1121 2170 plnyer

99 2206 153 2241 wne
164 2190 259 2238 beldin
269 2196 340 2254 great
351 2188 473 2252 disrepute
485 2189 511 2238 in
523 2187 608 2238 Rome

520 2336 579 2386 Gor.
595 2336 700 2386 29-32.

134 2447 203 2498 Tum
221 2449 337 2503 Crassus.
355 2463 431 2510 quum
450 2447 543 2510 etipse
562 2454 587 2498 et
604 2447 727 2510 Sulpicius
746 2455 770 2497 et
790 2449 866 2498 Cotto
885 2448 1032 2511 perplurima
1049 2454 1121 2512 grets

100 2520 176 2575 etque
189 2513 301 2576 jucunda
312 2513 355 2561 sibi
368 2512 475 2562 invicem
488 2514 613 2569 dixissent,
625 2513 732 2561 secunda
744 2515 803 2570 loeo,
815 2515 845 2562 ad
857 2515 958 2561 oratoris
970 2514 1071 2576 perlecti
1084 2514 1120 2560 fu·

101 2581 222 2628 cultatem
241 2586 266 2626 et
284 2578 381 2626 laudem
393 2579 569 2641 assequendam
588 2578 673 2639 requiri
692 2579 818 2627 contendit
836 2578 949 2626 studium
967 2586 990 2626 et
1008 2577 1121 2625 ardorem

101 2644 226 2707 quendam
239 2646 338 2697 amoris,
350 2644 402 2689 eine
414 2658 460 2703 quo
478 2643 503 2690 iu
520 2645 570 2690 vitlt
584 2642 644 2690 nihil
656 2644 789 2705 quidquam
801 2643 922 2705 egregium
936 2643 1022 2706 attingi
1041 2643 1120 2703 possit

102 2710 163 2765 Sed,
175 2707 216 2770 qui
233 2710 279 2756 hoo
292 2707 387 2755 dicendi
405 2707 513 2755 studium
527 2709 683 2770 nmplexurus
699 2708 738 2765 sit,
751 2709 781 2763 ei,
795 2716 830 2762 ut,
848 2723 895 2770 quo
907 2709 972 2764 velit,
985 2705 1120 2771 perveniat,

101 2773 173 2829 illud,
182 2773 244 2835 quod
256 2788 292 2830 co,
300 2786 347 2833 quo
356 2771 475 2828 intendet,
486 2774 548 2820 leret
556 2773 719 2833 deducatque,
728 2772 837 2835 inprimis
848 2773 1045 2847 cognoscendum
1056 2788 1121 2819 esse:

102 2838 129 2887 in
141 2854 190 2900 qno
202 2852 245 2885 ars
261 2835 353 2899 proprie
365 2838 396 2884 sit
407 2837 547 2884 constitute
581 2837 661 2901 Igitur
672 2837 730 2886 huic
743 2839 891 2885 adolescenti
905 2838 976 2902 liujus
988 2837 1048 2885 urtis
1060 2852 1121 2899 prse-

103 2910 177 2965 oepta
188 2918 244 2950 esso
261 2901 389 2949 ediscenda
402 2909 475 2963 utque
489 2903 551 2949 bene
569 2904 685 2959 tenenda,
696 2904 720 2950 in
733 2905 818 2966 quibus
837 2903 890 2951 hsec
903 2905 953 2950 sere
971 2905 1121 2951 referuntur:

103 2982 120 3016 1.
139 2967 288 3015 Orationem
300 2966 443 3015 distributio
461 2967 485 3014 in
497 2983 543 3014 suu
559 2983 658 3031 genera,
675 2969 699 3016 in
713 2970 809 3024 daucus,
827 2969 1019 3025 deliberationes,
1036 2969 1121 3016 leuda·

102 3031 183 3080 tiones
195 3038 220 3079 et
231 3031 438 3093 vituperationem
456 3047 482 3078 rr.
496 3031 618 3080 Oratoria
630 3031 770 3094 suauitatis
782 3033 925 3081 distributio
942 3033 969 3081 in
981 3049 1039 3081 suas
1051 3032 1121 3094 quin·

102 3112 151 3158 que
169 3105 258 3159 partes,
271 3095 385 3144 nimirum
398 3097 423 3154 s)
436 3095 462 3143 in
480 3098 626 3146 fucultatem
643 3098 792 3154 inveniendi,
804 3100 829 3157 b)
847 3105 949 3147 inventu
969 3097 1122 3160 dispensandi

104 3170 178 3223 utque
197 3161 365 3224 componendi,
378 3161 403 3218 o)
421 3160 535 3222 dispositu
554 3163 674 3212 vestiendi
691 3163 800 3211 oratione
817 3170 890 3225 etque
907 3164 1017 3219 ornandi,
1030 3164 1055 3218 d)
1069 3166 1122 3223 post

103 3228 222 3276 memorii
239 3227 352 3288 sepiendi,
364 3226 388 3283 e)
407 3226 437 3273 sd
454 3236 591 3275 extremum
611 3229 700 3290 egendi
719 3243 776 3276 cum
795 3229 912 3292 dignitate
931 3243 961 3275 sc
979 3234 1122 3276 venustate:

105 3291 236 3340 Orationis
246 3307 301 3338 vero
314 3291 359 3338 das
370 3305 421 3339 esse
436 3298 540 3354 partes:
558 3295 583 3349 a)
596 3293 721 3340 exordium
734 3293 765 3339 nd
782 3308 876 3347 eorum,
888 3291 929 3354 qui
947 3292 1058 3348 audient,
1071 3290 1121 3338 nni-

103 3372 159 3405 tnos
177 3356 360 3412 conciliandum
378 3356 401 3413 b)
420 3355 454 3402 rei
473 3355 723 3417 demonstrationem
740 3358 763 3414 e)
782 3357 950 3404 controversie
968 3355 1121 3405 constitutio-

103 3436 162 3469 nem
172 3437 179 3481 3
197 3420 223 3479 d)
235 3420 297 3483 ejus,
306 3424 369 3482 quod
382 3422 529 3477 intendatur,
543 3421 769 3481 confirmationem
786 3423 808 3477 e)
822 3436 915 3477 eorum,
924 3437 977 3483 quos
989 3431 1076 3470 contre
1087 3418 1122 3467 di.

105 3492 226 3542 ceremur,
239 3486 425 3542 refutationem
437 3484 468 3546 f)
482 3491 591 3533 extremd
603 3485 719 3540 oratione,
731 3501 824 3542 eorum,
834 3503 888 3548 quae
901 3503 943 3548 pro
955 3488 1023 3534 nobis
1032 3491 1122 3541 essent,

104 3550 329 3612 amplificationem,
342 3566 442 3614 quoeque
454 3557 542 3606 essent,
560 3565 603 3612 pro
615 3551 760 3607 adversario,
772 3550 977 3599 infirmationem:
995 3565 1030 3598 ru.
1045 3550 1074 3596 de
1087 3551 1122 3611 ip-

104 3617 287 3664 munerationis
295 3617 445 3664 ornamentis
453 3622 594 3680 precepta:
611 3623 639 3662 ut
647 3631 706 3678 pure
715 3624 740 3664 et
750 3615 845 3673 Latine,
855 3625 883 3665 ut
895 3618 966 3678 plene
975 3622 1002 3663 et
1009 3613 1122 3669 dilucide,

103 3688 133 3731 nt
145 3689 230 3728 ornste
242 3688 266 3728 et
278 3681 309 3729 nd
321 3696 401 3729 rerum
412 3679 559 3744 dignitatem
570 3687 628 3742 epte
640 3686 665 3728 et
676 3682 762 3729 decore
772 3682 906 3743 loquemur.

138 3801 206 3851 Sect.
217 3800 256 3852 29.
280 3800 411 3850 Modiceet
422 3800 540 3863 scienter]
574 3800 731 3851 Modicenon
741 3802 859 3864 estquod
869 3802 958 3864 vulgo}
974 3815 1035 3849 num
1045 3799 1071 3848 id
1081 3814 1125 3864 per
