2452 4290
174 353 217 411 46
458 367 497 409 on
518 356 659 408 onnrodrr
679 365 768 408 arnna
789 365 909 407 ramus.

175 536 259 588 cere,
270 514 394 577 dictum
404 533 427 574 a
437 533 490 575 me
502 532 573 577 esse
589 511 689 592 paulo
703 512 890 575 obscurius:
911 513 967 577 sed
984 515 1149 596 experiar,
1162 523 1200 579 et

175 601 293 670 dicam,
307 600 335 661 si
350 608 471 678 potero,
486 599 625 679 planius.

217 683 315 747 XLII.
341 683 462 746 Omnia
477 681 555 754 lere,
569 701 643 761 quae
666 690 742 743 sunt
766 682 924 747 conclusa
945 702 1032 744 nunc
1056 683 1199 757 artibus,

175 768 321 849 dIspersa
343 776 377 829 et
399 767 560 848 dissipata
580 765 745 846 quondam
758 765 908 828 fuerunt:
931 775 977 837 ut,
1000 768 1035 828 in
1050 769 1198 840 musicis

174 853 304 914 numeri
319 860 352 914 et
366 871 465 914 voces
476 860 509 913 et
524 850 631 922 modi,
653 851 687 911 ln
702 851 890 928 geometria,
905 850 1119 923 lineamenta,
1131 853 1198 915 for·
1217 878 1218 881 ¹

140 978 144 985 -
174 957 248 1009 mae,
271 936 456 1006 intervalla,
470 934 734 1012 magnitudines:
755 935 790 994 in
812 935 997 1012 astrologici,
1015 936 1091 998 coeli
1120 950 1218 1007 eon-l

174 1022 292 1093 versio,
303 1032 401 1092 ortus,
413 1020 530 1091 obitus
541 1027 711 1098 motusque
725 1018 868 1081 siderum
879 1042 888 1092 ;
910 1020 944 1080 in
956 1022 1198 1097 grammaticis,

174 1109 345 1186 poetarum
369 1105 593 1185 pertractatio,
614 1103 825 1165 historiarum
848 1105 1000 1180 cognitio,
1017 1103 1199 1167 verborum

175 1190 411 1269 interpretatio,
426 1188 657 1269 pronuntiandi
678 1185 812 1266 quidam
826 1207 943 1259 sonus;
969 1189 1003 1248 in
1025 1187 1088 1249 hac
1104 1188 1198 1250 deni·
1218 1182 1219 1259 i

175 1293 238 1352 que
260 1273 331 1353 ipsi
352 1275 480 1335 ratione
496 1272 634 1342 dicendi,
655 1273 854 1348 excogitare,
869 1290 996 1343 ornare,
1011 1272 1199 1351 disponere,

175 1360 372 1429 meminisse,
388 1377 507 1435 agere,
529 1357 642 1434 ignota
656 1355 819 1435 quondam
841 1355 1001 1427 omnibus
1017 1365 1049 1418 et
1071 1354 1199 1418 diffusa

176 1442 242 1503 late
264 1442 470 1503 videbantur.
514 1440 673 1503 Adhibita
694 1448 744 1500 est
769 1439 870 1516 igitur
892 1460 946 1501 ars
967 1439 1121 1519 quaedam
1142 1462 1197 1502 ex·
1219 1510 1220 1513 Ἴ

174 1526 334 1587 trinsecus
348 1546 389 1587 ex
405 1526 470 1587 alio
485 1545 605 1602 genere
621 1522 770 1603 quodam,
786 1522 871 1602 quod
886 1522 948 1585 sibi
970 1533 1077 1585 totum
1091 1523 1197 1604 philo·
1219 1552 1220 1601 l

176 1609 268 1689 sophi
285 1618 467 1681 assumunt,
481 1628 554 1687 quae
576 1627 646 1668 rem
660 1606 853 1669 dissolutam
875 1607 1102 1686 divulsamque
1120 1629 1197 1671 con·
1219 1608 1220 1611 ’

88 1753 93 1762 ,
176 1695 365 1772 glutinaret,
381 1701 413 1753 et
435 1695 563 1754 ratione
586 1690 726 1770 quddam
749 1693 995 1769 constringeret.
1039 1693 1091 1753 sir
1115 1712 1198 1771 ergo

176 1779 208 1839 in
220 1778 295 1854 jure
311 1777 400 1837 cirili
423 1776 497 1836 finis
519 1776 582 1847 hic,
597 1775 753 1853 legitimae
768 1783 868 1854 atque
889 1777 1022 1837 usitatas
1045 1777 1078 1837 in
1094 1776 1198 1839 rebus

177 1861 349 1940 causisque
365 1861 487 1921 civium
502 1858 735 1939 aequabilitatis
758 1861 972 1921 conservatio.
1016 1859 1103 1921 Tum
1120 1870 1198 1922 sunt

176 1944 322 2007 notanda
336 1964 468 2022 genera,
483 1953 516 2005 et
531 1943 573 2004 ad
589 1952 717 2004 certum
730 1962 904 2005 numerum
924 1942 1197 2024 paucitatemque

176 2028 372 2090 revocanda.
416 2026 529 2089 Genus
544 2036 656 2089 autem
671 2035 722 2088 est
737 2027 779 2098 id,
794 2026 879 2106 quod
901 2030 952 2088 sui
970 2027 1093 2089 similes
1108 2049 1197 2091 com·

123 2112 125 2116 ’
155 2114 331 2175 munione
357 2112 506 2192 quidam,
531 2113 641 2192 specie
668 2119 782 2172 autem
807 2109 1003 2183 differentes,
1028 2111 1112 2173 duas
1137 2122 1198 2175 aut

177 2197 289 2280 plures
300 2196 527 2277 complectitur
537 2204 656 2277 partes
701 2194 816 2257 Partes
830 2203 943 2257 autem
957 2203 1043 2268 sunt,
1053 2216 1129 2275 quae
1140 2217 1197 2275 ge·
1221 2168 1222 2237 I

177 2282 310 2343 neribus
325 2282 374 2353 iis,
386 2301 427 2341 ex
441 2280 559 2360 quibus
573 2288 739 2350 emanant,
752 2279 988 2357 subjiciuntur,
1009 2281 1197 2361 omniaque,
1221 2296 1222 2375 l

177 2384 250 2445 quae
266 2374 342 2426 sunt
357 2364 410 2426 vel
434 2384 592 2441 generum
606 2364 660 2425 vel
682 2363 825 2443 partium
841 2365 983 2435 nomina,
998 2362 1196 2427 definitioni·

178 2448 248 2520 bus
262 2468 362 2528 quam
380 2449 454 2509 'vim
477 2448 632 2520 habeant,
650 2458 699 2509 est
722 2446 978 2527 exprimendum.
1022 2446 1084 2510 Est
1106 2451 1197 2512 enim

178 2533 332 2604 delinitio,
348 2552 463 2594 earum
478 2553 588 2594 rerum
606 2552 679 2612 quae
694 2539 770 2593 sunt
785 2532 856 2608 ejus
871 2533 918 2593 rei
940 2529 1079 2612 propriae
1095 2553 1198 2612 quam

178 2617 313 2679 definire
329 2617 490 2688 volumus
502 2617 611 2679 brevis
626 2627 658 2678 et
671 2616 918 2695 circumscripta
932 2616 1082 2695 quaedam
1094 2618 1197 2698 expli·

178 2703 275 2763 catio.
320 2701 422 2764 Hisce
434 2722 496 2779 ego
511 2701 608 2762 rebus
620 2699 772 2778 exempla
788 2699 1010 2777 adjungerem,
1025 2702 1098 2769 nisi,
1108 2701 1198 2781 apud

178 2805 258 2865 quos
273 2785 343 2848 haec
359 2785 534 2847 haberetur
548 2786 663 2855 oratio,
675 2802 860 2845 cernerem:
884 2802 970 2844 nunc
986 2784 1213 2862 complectar,'

178 2869 264 2948 quod
278 2871 439 2950 proposui,
454 2869 556 2930 brevi.
600 2868 636 2930 Si
651 2868 740 2929 enim
755 2876 814 2928 aut
833 2866 913 2928 mihi
928 2867 1039 2929 facere
1055 2867 1198 2941 licuerit,

179 2952 264 3034 quod
281 2953 410 3031 jamdiu
426 2955 545 3030 cogito,
560 2961 619 3013 aut
641 2954 727 3014 alius
749 2952 920 3031 quispiam,
936 2961 1003 3021 aut,
1018 2971 1070 3013 me
1095 2954 1197 3033 impe·
1221 2966 1222 2991 ¹

179 3037 256 3108 dito,
271 3037 445 3116 occuparit,
467 3044 526 3098 aut
549 3046 676 3098 mortuo
700 3034 856 3107 effecerit,
876 3045 912 3096 ut
936 3037 1075 3115 primum
1099 3056 1197 3098 omne
1220 3032 1222 3129 J

179 3122 237 3200 jus
252 3121 348 3182 ciuile
364 3123 397 3182 in
413 3140 536 3198 genera
547 3120 685 3199 dIgerat,
696 3139 769 3199 quae
781 3138 950 3200 perpauca
960 3127 1055 3191 sunt;
1078 3119 1196 3182 deinde

179 3225 292 3267 eorum
307 3224 464 3283 generum
479 3206 573 3284 quasi
588 3204 739 3284 quaedam
753 3203 901 3266 membra
911 3203 1103 3284 dispertiat3
1126 3213 1198 3267 tum
1221 3240 1222 3285 1

178 3291 345 3371 propriam
360 3292 518 3370 cujusque
533 3286 602 3351 iim
624 3288 812 3353 definitione
827 3287 991 3358 declarem
1013 3288 1197 3366 perfectam

179 3385 285 3437 artem
301 3376 385 3453 juris
401 3375 508 3436 civilis
521 3371 695 3444 habebitis,
710 3371 816 3450 magis
831 3391 988 3450 magnam
1004 3382 1103 3451 atque
1117 3372 1196 3435 ube·
1221 3396 1222 3405 ¹

179 3479 258 3531 rem,
273 3459 371 3538 quam
393 3457 558 3520 difficilem
585 3466 684 3536 atquc
709 3456 891 3518 obscuram.
936 3459 1044 3535 Atque
1067 3457 1197 3520 Interea
1220 3496 1222 3553 p

179 3551 302 3613 tamen,
317 3541 394 3603 dum
409 3540 490 3610 haee,
504 3560 577 3620 quae
592 3540 739 3621 dispersa
761 3551 845 3612 sunt,
859 3549 1030 3618 eoguntur,
1047 3540 1100 3600 vel
1122 3561 1196 3621 pas·
1221 3562 1222 3581 ¹

179 3627 241 3689 sim
257 3628 335 3688 licet
350 3635 550 3704 carpentem,
562 3634 596 3686 et
611 3625 821 3703 colligentem
832 3625 984 3704 undique,
996 3623 1118 3704 repleri
1127 3628 1196 3704 jus·
1220 3656 1222 3759 p

178 3711 213 3773 tit
223 3711 309 3789 juris
324 3709 430 3771 civilis
444 3709 591 3771 scientia

221 3792 335 3859 XLIII.
356 3792 476 3856 Nonne
497 3790 627 3865 videtis,
647 3792 794 3872 equitem
815 3790 1011 3864 Romanum,
1029 3789 1197 3858 hominem
