2444 4276
352 395 392 437 011
412 393 554 435 canrosa
575 392 665 434 11111111
685 391 823 433 ruarmo.
1037 372 1099 432 17¹:

77 541 183 612 dere,
205 551 322 621 putare
337 536 468 601 dicere?
513 536 578 600 Sed
597 539 679 615 jam,
698 538 726 598 si
748 537 868 619 placet,
883 535 927 599 ad
949 537 1100 599 instituta

78 625 267 695 redeamus
282 623 366 686 Mihi
381 622 470 693 verb,
485 621 623 683 Catulus
638 623 752 700 inquit,
767 622 886 701 placet.
914 650 969 694 w„

122 707 211 769 Tum
237 706 384 778 Crassus
409 706 576 781 Quorsum
600 706 700 782 igitur
726 706 796 767 haec
821 713 958 784 spectat,
984 706 1098 785 inquit,

80 791 263 869 tamlonga
278 800 311 852 et
325 799 394 852 tam
407 790 473 850 alte
489 786 768 870 repetita'ofatiol
813 789 877 852 Hee
891 789 965 851 dnae
979 799 1097 870 partes.

80 895 155 954 qnae
170 875 252 936 mibi
267 883 450 955 supersunt,
464 872 666 935 illustrandae
681 875 846 945 orationis,
861 894 902 936 ac
919 870 1086 937 totiuselo

81 960 226 1038 quentiae
241 957 457 1028 cumulandae,
468 978 606 1037 quarum
622 957 728 1019 altera
739 958 804 1019 dici
818 959 963 1039 postulat
975 959 1090 1023 ornate

81 1042 192 1104 altera
206 1042 294 1123 apte,
308 1040 393 1104 banc
408 1041 532 1103 habent
555 1044 632 1113 vim,
646 1049 684 1103 ut
706 1043 749 1115 sit
772 1044 869 1122 quam
883 1043 1027 1104 maxime
1046 1040 1095 1122 jfi'·

81 1127 202 1198 cunda,
216 1126 314 1204 quiam
328 1126 472 1188 maxime
494 1126 528 1186 in
542 1145 656 1188 sensns
671 1145 793 1197 eorum,
812 1128 868 1205 qui
883 1125 1030 1200 audiunt,
1053 1129 1100 1188 in·

81 1208 175 1282 fluat,
191 1219 225 1272 et
246 1210 494 1290 quamplurimis
509 1210 551 1271 sit
572 1209 671 1271 rebus
692 1211 861 1272 instructa.
905 1207 1099 1273 Instrumen-

80 1303 154 1355 tum
170 1302 283 1355 autem
294 1293 356 1355 hoc
371 1293 508 1364 forense,
519 1292 706 1371 litigiosum,
721 1313 807 1366 acre,
817 1303 959 1356 tractum
974 1315 1015 1356 ex
1030 1295 1100 1356 vnl-

80 1379 116 1456 gi
128 1376 345 1458 opinionibus
357 1379 512 1455 exiguum
522 1379 602 1438 sane
614 1386 713 1457 atque
726 1377 913 1439 mendicum
924 1390 982 1439 est.
1017 1377 1100 1441 Illud

79 1481 195 1523 rursus
206 1462 323 1542 ipsum,
335 1462 420 1541 quod
431 1461 564 1522 tradunt
579 1462 643 1531 isti,
654 1462 709 1540 qni
720 1461 913 1542 profitentur
924 1481 958 1522 se
970 1455 1107 1524 dicendi

80 1548 267 1623 magistros,
276 1566 340 1607 non
356 1546 494 1607 multum
511 1553 560 1606 est
575 1546 692 1622 majus,
703 1546 800 1626 quam
815 1544 897 1607 illud
908 1544 1046 1624 vulgare
1058 1567 1100 1608 ac

80 1629 220 1693 forense.
245 1630 439 1710 ·Apparatu
462 1627 556 1709 nobis
579 1648 662 1709 opus
680 1638 739 1700 cst,
754 1638 787 1691 et
813 1629 910 1691 rebus
933 1628 1100 1708 exquisitis

79 1712 226 1792 undique
250 1714 404 1785 collectis,
420 1714 593 1793 0100011110,
610 1715 831 1794 comportatis,
845 1722 882 1775 nt
896 1713 965 1786 tibi,
981 1712 1100 1786 Oaesar,

80 1796 272 1859 faciendum
287 1806 337 1859 est
352 1798 394 1858 ad
410 1817 555 1869 armum3
578 1807 614 1858 ut
630 1817 692 1875 ego
715 1799 749 1858 in
763 1793 920 1859 aedssitate
941 1788 1100 1869 laboravi,

79 1881 169 1961 quod
179 1881 377 1964 quotidianis
388 1891 421 1942 et
433 1880 619 1943 vernaculis
630 1881 728 1943 rebus
739 1881 931 1944 satisfacere
941 1902 993 1943 me
1005 1901 1099 1962 posse

79 1964 158 2027 huic
175 1967 296 2046 populo
310 1986 374 2028 non
389 1964 558 2047 putabam.
631 1998 638 2029 t

124 2048 310 2111 Verborum
327 2048 563 2128 eligendorum,
578 2059 611 2111 et
635 2049 907 2123 collocandorum,
922 2059 955 2112 et
971 2051 1099 2113 conclu-

79 2132 272 2206 dendorum,
283 2134 390 2197 facilis
405 2142 455 2196 est
470 2135 522 2197 vel
537 2135 631 2206 ratio,
643 2134 706 2205 vel,
721 2136 791 2196 sine
806 2136 943 2207 ratione,
958 2137 1031 2217 ipsa
1046 2155 1099 2196 ex·

79 2220 243 2280 crcitatio.
288 2217 411 2281 Rerum
434 2225 484 2280 est
508 2219 593 2280 silva
615 2222 749 2296 magna,
771 2239 871 2299 quarn
894 2221 969 2282 cnm
991 2219 1099 2282 Graeci

81 2302 157 2380 jam
173 2322 239 2363 non
261 2301 419 2374 tenerent,
441 2302 482 2364 ob
497 2323 635 2382 eamque
651 2323 788 2365 causam
806 2305 964 2382 juventus
986 2314 1098 2366 nostra

79 2385 263 2448 dedisceret
286 2388 378 2468 perne
402 2387 564 2458 discend0,
578 2388 679 2447 etiarn
703 2386 813 2449 Latini
831 2388 871 2468 (si
890 2388 952 2449 diis
974 2388 1096 2470 placet)

79 2468 288 2532 hoo-biennio
300 2472 449 2549 magistri
460 2466 592 2533 dicendi
600 2472 778 2532 extiterunt
789 2493 797 2542 ;
819 2492 900 2552 quos
911 2491 973 2549 ego
985 2490 1099 2534 censor

80 2552 191 2616 edicto
206 2575 280 2617 meo
295 2556 512 2627 sustuleram3
536 2575 600 2616 non
615 2554 678 2633 quo
696 2554 744 2634 (ut
761 2557 870 2616 nescio
885 2575 965 2634 qnos
989 2555 1097 2617 dicere

79 2637 233 2715 aiebant)
246 2642 322 2701 acui
333 2641 467 2716 ingenia
482 2638 738 2701 adolescentium
754 2634 884 2710 n'ollem,
896 2637 961 2709 sed,
977 2639 1098 2711 contra,

79 2721 218 2799 ingenia
232 2722 368 2785 obtundi
383 2724 483 2791 n'olui,
493 2711 693 2785 corroborari
708 2722 955 2802 impudentiam.
999 2720 1032 2783 N
1034 2742 1098 2796 am,

81 2805 172 2887 apnd
195 2806 336 2879 Graecos,
361 2805 559 2868 cuicuimodi
588 2816 705 2878 essent,
720 2805 874 2868 videbam
888 2814 1002 2868 tamen
1017 2825 1098 2880 esse,

79 2898 201 2969 praeter
216 2889 302 2953 hanc
318 2891 587 2973 exercitatiunem
609 2890 740 2968 linguae,
755 2889 936 2952 doctrinam
952 2890 1098 2970 aliquam

30 3017 33 3022 -
79 2983 114 3035 et
130 2972 371 3036 humanitatem
385 2967 519 3051 dignam
531 2975 685 3036 scientia:
708 2974 766 3037 hos
777 2974 856 3035 vero
867 2995 968 3036 novos
978 2977 1097 3052 magis-
1124 3034 1145 3061 Ι,

78 3064 149 3118 tros
172 3057 253 3119 nibil
276 3057 501 3135 intelligebam
524 3078 617 3139 posse
633 3058 758 3132 docere,
773 3060 836 3120 nisi
858 3067 895 3120 ut
919 3059 1077 3120 auderent
1088 3066 1125 3131 ;·‘
1154 3068 1161 3077 “

79 3141 177 3221 quod,
192 3144 295 3203 etiam
309 3162 385 3203 cnm
404 3140 499 3203 bonis
513 3142 610 3203 rebus
626 3144 845 3221 conjunctum,
859 3162 967 3223 perse
990 3145 1097 3233 ipsum

79 3233 131 3285 est
154 3246 276 3304 magno
294 3246 391 3306 opere
415 3225 615 3303 fugiendum.
660 3226 733 3289 Hoc
748 3228 822 3287 cnm
836 3236 941 3287 unum
954 3226 1097 3288 tradere·

79 3315 143 3381 tur,
155 3320 188 3370 01
204 3311 277 3372 enm
289 3304 500 3390 impudentiae
514 3308 610 3370 liidns
625 3319 719 3397 esset,
730 3311 846 3390 putavi
861 3330 933 3371 esse
946 3311 1097 3383 censoris,

79 3412 122 3453 ne
139 3393 267 3470 longius
282 3388 313 3454 id
336 3401 490 3474 serperet,
505 3391 685 3475 providere.
730 3393 931 3472 Quanquam
946 3415 1008 3457 non
1026 3394 1096 3456 haec

80 3477 129 3537 ita
144 3487 254 3538 statuo
269 3486 368 3557 atque
380 3478 529 3549 decerno,
541 3486 577 3538 ut
592 3472 769 3555 desperem,
783 3477 900 3539 Latine
916 3497 966 3550 ea,
978 3478 1017 3540 de
1028 3481 1096 3557 qui-

79 3559 142 3623 bus
154 3561 403 3641 disputavimus
414 3561 499 3622 tradi
511 3581 551 3623 ac
564 3555 735 3640 perpoliri:
758 3562 882 3641 patitur
893 3564 981 3624 enirn
992 3572 1026 3623 et
1038 3562 1096 3622 lin·

80 3664 149 3722 gua
164 3655 284 3717 nostra,
296 3659 329 3708 ct
344 3655 463 3706 natura
478 3664 596 3716 rerum,
608 3654 754 3706 veterem
765 3645 857 3707 illam
869 3645 1095 3707 excellentem·

80 3748 144 3808 que
159 3729 369 3809 prudentiam
378 3729 567 3791 Graecorum
583 3728 625 3791 ad
640 3737 786 3791 nostrum
801 3748 897 3791 usum
910 3746 1095 3804 moremque

79 3812 269 3875 transferri:
291 3813 348 3876 sed
373 3813 557 3873 bominibus
572 3831 654 3894 opus
669 3821 719 3873 est
742 3812 885 3882 eruditis,
900 3812 956 3888 qui
979 3809 1097 3880 adhuc,
