2434 4286
131 324 194 384 104
388 337 428 380 oa
449 337 593 381 61111616
614 338 703 391 rana
724 336 886 383 newsum.

129 490 307 557 concisum,
323 506 363 548 ac
379 486 561 548 minutum:
584 486 670 567 quod
690 489 720 549 si
742 488 815 568 quis
836 485 997 568 probabit,
1012 487 1063 550 ita
1078 507 1164 568 pro·

128 574 231 646 babit,
245 583 282 634 ut
296 573 418 634 oratori
433 582 544 633 tamen
560 582 676 653 aptum
691 591 754 634 non
770 591 842 635 esse
866 571 1020 634 fateatur.
1067 572 1164 635 Haec

129 661 215 720 enim
239 667 353 719 nostra
375 658 480 717 oratio
495 657 712 719 multitudinis
735 667 784 719 661
807 657 943 718 auribus
964 677 1163 720 accommo-

129 743 248 814 danda,
272 741 314 803 ad
336 740 548 802 oblectandos
571 743 706 814 animos,
731 743 774 804 ad
796 741 1019 821 impellendos,
1041 740 1085 803 ad
1115 764 1164 804 ea

128 827 308 909 probanda,
322 843 395 905 quse
411 846 475 887 non
491 826 636 887 aurificis
654 828 786 898 statari,
810 826 865 888 sed
890 824 1030 905 qdddam
1047 847 1163 908 popu-

128 913 190 974 lari
213 912 345 982 11611611,
368 912 609 972 examinantur.
653 910 767 987 Quare
791 913 888 973 istam
913 922 1019 972 artem
1043 921 1164 974 totam

128 997 340 1068 dimittamus,
355 1015 428 1074 quae
451 997 487 1055 in
510 996 734 1073 excogitandis
758 997 963 1074 argumentis
984 1006 1079 1057 muta
1106 999 1162 1058 ni·

128 1084 232 1143 miirm
241 1090 299 1152 est,
309 1082 342 1141 in
349 1079 537 1159 judicandis
549 1082 685 1141 nimium
695 1083 826 1159 loquax.
848 1080 1026 1142 Critolaum
1037 1082 1162 1153 istum,
1213 1092 1214 1095 ’

128 1185 226 1246 quem
249 1166 347 1227 simul
371 1184 447 1226 oum
471 1163 620 1243 Diogene
644 1167 773 1227 venisse
798 1184 1044 1236 commemoras,
1067 1174 1162 1246 puto

128 1252 202 1332 plirs
218 1249 294 1312 huic
309 1249 416 1310 studio
432 1261 541 1310 nostro
557 1248 709 1330 prodesse
727 1252 892 1330 potuisse:
916 1251 1090 1310 eratenim
1108 1250 1161 1311 ab

128 1337 191 1396 isto
207 1335 391 1406 Aristotele,
407 1354 428 1415 a
443 1336 537 1412 cujus
552 1336 694 1395 inventis
705 1334 764 1396 tibi
777 1355 838 1413 ego
851 1333 963 1396 videor
973 1335 1159 1412 nonlonge

128 1419 293 1495 aberrare.
339 1418 447 1498 Atque
459 1420 545 1480 inter
557 1417 643 1480 huno
655 1417 875 1491 Aristotelem,
887 1420 995 1498 (cujus
1008 1428 1041 1480 et
1052 1419 1159 1482 illum

128 1505 195 1583 legi
210 1504 338 1572 librum,
354 1505 387 1565 in
403 1522 467 1582 quo
482 1505 633 1584 exposuit
656 1501 785 1565 dicendi
810 1514 898 1569 artes
923 1505 1070 1565 omnium
1096 1523 1158 1566 su·
1213 1528 1214 1535 ¹

129 1590 304 1670 pedorum,
320 1596 352 1648 et
367 1589 450 1660 11166,
466 1589 499 1648 in
515 1588 632 1668 quibus
647 1589 717 1668 ipse
733 1608 795 1649 sua
809 1587 960 1667 quaedam
975 1588 1015 1649 de
1032 1588 1157 1650 eidem

129 1684 200 1734 arte
216 1670 311 1749 dixit)
329 1672 435 1732 ethos
451 1691 626 1749 germanos
651 1671 750 1751 hujus
773 1676 854 1734 artis
876 1673 1062 1750 magistros
1085 1673 1155 1735 hoc

128 1756 209 1819 mihi
224 1760 333 1818 visum
348 1765 397 1817 est
413 1759 579 1828 interesse,
594 1756 680 1836 quod
701 1757 757 1817 ille
781 1758 896 1820 eidem
920 1758 992 1818 acie
1016 1759 1155 1830 1666116,

128 1843 192 1921 quit
206 1861 315 1903 rernm
330 1843 476 1902 omnium
490 1844 559 1902 vim
574 1851 793 1921 naturamque
816 1842 954 1912 viderat,
975 1840 1046 1902 haec
1069 1861 1154 1920 quo·

128 1947 191 2007 que
207 1927 367 2007 adspexit,
382 1946 455 2005 quae
471 1926 514 1986 ad
529 1925 657 1987 dicendi
672 1935 788 1999 artem,
802 1946 902 2007 quam
918 1926 973 1987 ille
988 1926 1153 2007 despicie-

129 2010 196 2081 bat,
211 2009 440 2090 pertinebant:
463 2011 511 2070 illi
536 2013 737 2090 autem,'qui
761 2009 821 2072 hoc
844 2011 951 2073 solum
973 2010 1153 2073 colendum

130 2094 305 2166 ducebant,
320 2093 511 2155 habitdrunt
527 2095 560 2154 in
576 2093 639 2154 hac
654 2096 720 2156 und
734 2097 860 2157 ratione
876 2093 1058 2165 tractandi,
1081 2115 1153 2157 non

129 2178 242 2239 eidem
259 2179 440 2259 prudentii,
455 2178 518 2257 qus
533 2178 599 2250 ille,
619 2179 676 2240 sed
700 2198 762 2240 usu
786 2182 820 2241 in
843 2178 904 2241 hoc
927 2199 993 2240 uno
1015 2198 1152 2256 genere.

129 2262 299 2342 studioque
315 2263 449 2339 majore.
495 2261 676 2324 Carneadis
691 2263 770 2325 vero
792 2266 843 2326 vis
865 2262 1065 2325 incredibilis
1087 2264 1152 2325 illa

128 2347 266 2419 dicendi,
282 2357 316 2407 et
331 2348 486 2418 varietas
501 2366 662 2426 perquam
678 2356 765 2409 esset
786 2348 931 2428 optanda
952 2347 1067 2409 nobis:
1090 2350 1152 2427 qui

129 2430 254 2492 nullam
269 2450 415 2512 unquam
430 2432 463 2491 in
479 2432 544 2492 illis
559 2434 628 2492 suis
639 2432 913 2513 disputationibus
928 2451 999 2493 rem
1013 2430 1150 2493 desend-
1168 2502 1174 2508 ¹

129 2517 162 2586 it,
179 2535 279 2593 quam
294 2537 359 2577 non
382 2515 546 2596 probirit3
569 2517 696 2577 nullam
719 2519 933 2597 oppugnavit,
957 2535 1058 2596 quam
1080 2536 1151 2579 non

128 2601 292 2661 everterit.
337 2600 403 2662 Sed
418 2599 480 2663 hoc
495 2602 603 2679 majus
618 2611 668 2662 est
682 2600 847 2680 quiddam,
862 2602 960 2681 quam
972 2601 1016 2661 ab
1027 2602 1077 2673 116,
1089 2602 1150 2680 qui

128 2683 198 2746 haeo
214 2685 349 2747 tradunt
365 2694 398 2746 et
413 2684 539 2757 docent,
556 2685 788 2766 postulandum
802 2688 853 2747 sit.

172 2768 321 2830 XXXIX.
345 2769 418 2847 Ego
434 2779 555 2842 autem,
570 2772 597 2830 si
612 2790 710 2849 quem
725 2789 823 2848 nuno,
836 2770 933 2850 plane
957 2769 1073 2831 rudem
1098 2770 1149 2830 in-

128 2855 221 2914 stitui
246 2853 289 2913 ad
312 2853 486 2915 dicendum
510 2855 619 2926 velim,
642 2853 693 2915 his
716 2857 825 2935 potiris
848 2854 980 2916 tradam
996 2853 1150 2924 assiduis,

128 2956 194 2998 uno
209 2957 308 3018 opere
324 2938 464 2999 eandem
487 2937 640 2999 incudem
663 2938 750 3000 diem
772 2948 967 3019 noctemque
982 2938 1149 3000 tundenti-

128 3020 199 3091 bus,
225 3023 281 3100 qui
307 3041 420 3084 omnes
446 3023 656 3083 tenuissimas
685 3024 876 3104 particulas
906 3033 1004 3103 atque
1034 3024 1150 3085 omnia

128 3106 266 3167 minima
281 3127 407 3179 mansa,
422 3117 460 3167 ut
475 3109 620 3169 nutrices
635 3108 816 3169 infantibus
837 3110 959 3188 pueris
983 3110 1017 3168 in
1040 3127 1076 3168 os
1099 3110 1162 3168 in·-

128 3201 248 3251 serant.
294 3190 353 3254 Sin
368 3194 409 3253 sit
425 3193 461 3263 is,
477 3193 532 3271 qui
548 3200 581 3252 et
595 3191 742 3253 doctrina
757 3192 837 3255 mihi
861 3192 1041 3254 liberaliter
1056 3194 1149 3253 insti-

128 3283 227 3347 tutus,
244 3286 276 3337 et
293 3277 402 3356 aliquo
413 3277 487 3353 jam
503 3276 648 3337 imbutus
663 3297 734 3349 usu,
759 3286 792 3337 et
818 3277 898 3338 satis
921 3279 991 3338 aori
1012 3278 1149 3354 ingenio

128 3379 199 3420 esse
215 3360 366 3422 videatur
379 3385 386 3434 3
409 3360 488 3421 illuc
504 3371 581 3421 eum
596 3361 735 3441 rapiam,
746 3361 803 3422 ubi
815 3382 880 3422 non
892 3362 1021 3423 seclusa
1033 3362 1149 3440 aliqua

128 3443 252 3522 aquula
266 3455 427 3515 teneatur,
443 3442 500 3504 sed
515 3445 602 3506 unde
619 3446 810 3508 universum
833 3446 957 3507 flumen
972 3456 1147 3527 erumpat:

128 3529 184 3606 qui
198 3528 247 3587 illi
262 3528 364 3599 sedes,
380 3539 413 3590 61
429 3537 588 3607 tanquam
604 3529 780 3602 domicilia,
795 3533 942 3592 omnium
957 3541 1147 3609 argument-

127 3630 220 3670 orum
243 3623 484 3683 commonstret,
508 3624 541 3674 et
566 3635 607 3674 ea
630 3613 775 3676 breviter
798 3616 949 3687 illustret,
971 3615 1146 3694 verbisque

127 3692 271 3756 definiat.
316 3695 405 3772 Quid
431 3698 517 3759 enim
545 3707 604 3768 est,
630 3699 663 3758 in
689 3719 752 3778 quo
778 3697 910 3772 haereat,
936 3701 992 3778 qui
1019 3699 1146 3774 viderit,
1213 3652 1214 3747 1

128 3796 233 3849 omne,
249 3781 332 3857 quod
358 3792 508 3843 sumatur
522 3783 556 3844 in
571 3785 717 3845 oratione
734 3793 792 3844 aut
808 3783 850 3844 ad
866 3783 1072 3864 probandum
1088 3795 1146 3848 aut
1213 3786 1214 3793 '
