2452 4290
152 358 194 416 64
435 374 473 415 ur
495 373 635 415 canronn
657 374 745 414 tinae
766 372 884 414 raruus.

150 520 253 583 bitrer
266 514 445 582 subsidium
461 523 639 583 senectutis
653 523 688 582 in
704 540 827 593 eorum,
839 521 895 600 qui
911 521 1105 584 consultum
1126 542 1196 587 ve-

150 606 253 675 niant,
268 605 477 669 multitudine
493 626 565 668 esse
579 606 776 687 ponendum,
787 605 854 677 sed,
865 615 1023 684 tanquam
1038 616 1195 687 portum

151 689 304 767 aliquem,
319 700 508 770 exspectem
530 693 636 760 istam,
652 710 752 769 quam
769 701 807 751 tu
826 692 931 761 times,
947 691 1192 756 solitudinem.

151 771 340 834 Subsidium
365 776 454 835 enim
483 774 698 850 bellissimum
724 776 874 836 existimo
903 795 974 837 esse
1004 781 1194 840 senectuti

152 857 265 916 otium.
578 890 582 895 ·
908 898 911 903 »

195 939 337 1018 Reliqua
357 935 448 999 verb'
465 938 596 999 etiamsi
621 936 791 1017 adjuvant,
819 937 1003 1019 (historiam
1028 939 1121 1015 diuo,
1155 954 1197 1007 et

152 1022 362 1103 prudentiam
372 1023 457 1100 juris
472 1021 605 1103 publici,
617 1031 651 1083 et
663 1023 867 1101 antiquitatis
878 1024 948 1092 iter,
961 1034 993 1085 et
1006 1029 1195 1108 exemplo-

153 1126 226 1167 rum
241 1108 383 1187 copiam)
400 1108 429 1167 si
451 1106 581 1185 quaudo
596 1125 677 1186 opus
690 1107 763 1177 erit,
778 1126 800 1166 a
811 1108 882 1168 viro
897 1109 1028 1189 optimo,
1044 1120 1081 1171 et
1106 1115 1195 1175 istis
1219 1128 1220 1131 ’

153 1191 251 1252 rebus
273 1193 531 1264 instructissimo,
546 1189 702 1252 familiari
721 1211 803 1263 meo,
819 1190 968 1270 Longino
983 1197 1192 1259 mutuabor.

153 1274 269 1354 Neque
281 1275 483 1355 repugnabo,
495 1275 559 1355 qud
570 1277 677 1336 minus
690 1275 736 1355 (id
750 1275 835 1354 quod
851 1276 945 1338 modo
957 1275 1112 1340 hortatus
1131 1282 1191 1361 es)

153 1362 265 1421 omnia
279 1360 402 1438 legant,
413 1361 526 1421 omnia
537 1359 682 1430 audiant,
694 1361 728 1420 in
739 1361 827 1420 omni
842 1370 931 1426 recto
947 1362 1053 1423 studio
1070 1374 1192 1446 atque

152 1442 360 1506 humanitate
375 1452 565 1506 versentur:
588 1443 654 1515 sed,
669 1443 866 1515 mehercule,
881 1446 1016 1506 nonita
1030 1449 1190 1512 multum

153 1530 253 1609 spatii
268 1529 348 1590 mihi
362 1527 485 1591 habere
500 1528 662 1599 videntur,
678 1531 705 1590 si
721 1527 815 1589 modo
830 1548 872 1589 ea
887 1528 995 1590 facere
1012 1538 1046 1590 et
1063 1551 1191 1611 perse·
1219 1578 1220 1583 η

153 1615 209 1692 qui
231 1615 352 1684 volent,
368 1631 441 1691 quae
457 1634 478 1674 a
499 1621 542 1683 te,
557 1612 684 1684 Crasse,
707 1622 872 1692 praecepta
895 1622 989 1685 sunt3
1012 1616 1069 1693 qui
1094 1619 1188 1680 mihi

152 1697 253 1777 prope
276 1698 378 1758 etiam
399 1698 497 1758 nimis
512 1696 611 1759 duras
633 1695 724 1774 leges
749 1698 916 1776 imponere
933 1699 1021 1758 visus
1037 1716 1072 1760 es
1097 1700 1189 1765 huic

153 1781 266 1850 aetati;
296 1780 353 1841 sed
374 1789 487 1841 tamen
509 1779 615 1851 adid,
637 1779 722 1858 quod
746 1781 893 1861 cupiunt,
915 1781 1189 1862 adipiscendum,

152 1865 253 1947 prope
265 1866 478 1926 necessarias
515 1862 605 1925 Nam
621 1874 654 1924 et
669 1863 785 1925 subitae
798 1865 840 1925 ad
854 1867 1037 1946 propositas
1051 1886 1188 1932 causas

154 1950 415 2020 exercitationes,
426 1957 459 2009 et
467 1957 635 2010 accuratae
648 1957 680 2009 et
692 1948 858 2009 meditatae
870 1953 1188 2021 commentationes,

153 2054 194 2094 ac
210 2034 304 2093 stilus
322 2034 377 2094 ille
392 2042 478 2104 tune,
493 2051 590 2111 quem
612 2041 649 2092 tu
665 2033 741 2092 vere
757 2032 866 2094 dixisti
888 2034 1106 2113 perfectorem
1132 2038 1187 2101 di-

153 2117 250 2177 cendi
265 2136 335 2177 esse
353 2137 392 2178 ac
408 2118 611 2194 magistrum,
626 2117 722 2178 multi
744 2116 869 2178 sudoris
884 2126 954 2189 est,
977 2127 1010 2179 et
1025 2119 1087 2179 illa
1101 2141 1185 2182 ora-

153 2201 252 2265 tionis
274 2219 341 2261 suae
357 2220 432 2262 cum
448 2201 577 2279 scriptis
592 2200 709 2261 alienis
724 2203 935 2279 comparatio,
950 2210 984 2262 et
1005 2202 1046 2263 de
1061 2203 1186 2268 alieno

154 2286 276 2364 scripto
288 2284 405 2356 subita,
418 2285 471 2345 vel
487 2283 652 2355 laudandi,
664 2285 718 2345 vel
730 2285 949 2364 vituperandi,
960 2286 1014 2347 vel
1026 2304 1184 2368 compro·

102 2380 104 2393 '
153 2366 263 2440 bandi,
285 2368 339 2429 vel
365 2368 534 2431 refellendi
560 2369 668 2440 causi,
694 2366 880 2448 disputatio,
906 2389 969 2431 non
997 2365 1185 2436 inediocris

154 2453 371 2514 contentionis
386 2462 445 2525 est,
459 2453 514 2514 vel
530 2453 572 2513 ad
586 2454 789 2524 memoriam,
803 2453 857 2515 vel
873 2452 915 2514 ad
930 2455 1141 2518 imitandum.

197 2535 280 2599 LXI.
304 2537 387 2599 lllud
402 2537 480 2598 verb
494 2537 556 2598 fuit
568 2536 731 2607 horribile,
743 2537 837 2615 quod,
848 2537 1045 2611 mehercule,
1058 2560 1184 2603 vereor

153 2641 197 2682 ne
212 2623 372 2700 majorem
387 2624 456 2684 vim
471 2622 515 2682 ad
529 2619 757 2683 deterrendum
772 2619 933 2694 habuerit,
948 2623 1045 2702 quam
1061 2624 1106 2684 ad
1122 2647 1182 2688 co-

154 2704 360 2767 hortandum.
405 2705 546 2768 Voluisti
558 2707 646 2767 enim
658 2706 690 2765 in
703 2725 763 2766 suo
774 2725 895 2783 genere
905 2726 1182 2788 unumquemque
1219 2730 1220 2737 ¹

154 2791 299 2850 nostrum
314 2791 409 2868 quasi
430 2789 595 2869 quendam
616 2809 687 2851 esse
709 2789 883 2860 Roscium
909 2790 1092 2871 dixistique,
1108 2814 1182 2857 non

154 2883 225 2935 tam
237 2894 287 2944 ea,
299 2894 370 2953 quae
386 2884 478 2935 recta
490 2882 606 2945 essent,
617 2874 758 2954 probari,
767 2874 873 2953 quam,
884 2895 957 2955 quae
969 2895 1073 2955 prava
1085 2891 1181 2951 sunt,
1219 2892 1220 2895 ’

154 2958 295 3019 fastidiis
317 2957 559 3019 adhaerescere:
585 2958 671 3037 quod
693 2978 755 3035 ego
777 2978 842 3019 non
864 2968 933 3020 tam
948 2959 1117 3021 fastidiose
1140 2965 1180 3025 in

153 3043 248 3105 nobis
272 3043 368 3121 quam
393 3044 426 3102 in
448 3042 658 3104 histrionibus
680 3044 820 3123 spectari
843 3052 932 3123 puto.
976 3043 1090 3122 Itaque
1114 3066 1181 3109 nos
1219 3120 1220 3129 χ

154 3142 272 3188 raucos
295 3127 382 3207 saepe
404 3127 620 3187 attentissime
642 3127 747 3187 audiri
769 3126 865 3188 video
882 3129 985 3206 (tenet
1008 3130 1096 3189 enim
1119 3152 1180 3193 res

154 3212 227 3291 ipsa
243 3220 342 3291 atque
358 3209 485 3289 causa),
501 3219 536 3270 at
552 3208 720 3291 AEsopum,
735 3211 763 3271 si
778 3213 914 3289 paulum
925 3213 1103 3286 irrauserit,
1119 3235 1179 3278 ex·

154 3295 251 3376 plodi.
297 3297 326 3357 A
341 3296 458 3375 quibus
473 3297 560 3356 enim
576 3294 657 3356 nihil
680 3304 798 3375 praeter
820 3296 1023 3376 voluptatem
1042 3301 1179 3364 aurium

154 3381 320 3458 quaeritur,
335 3382 370 3440 in
392 3382 432 3441 iis
447 3379 742 3451 offenditur,simul
765 3390 863 3458 atque
886 3381 1090 3442 imminuitur
1113 3385 1176 3447 ali·
1219 3380 1220 3429 l

154 3465 231 3543 quid
247 3464 287 3524 de
303 3465 481 3543 voluptate.
519 3464 553 3524 In
566 3463 751 3543 eloquentiis
762 3474 874 3524 autem
886 3465 991 3526 multa
1003 3476 1086 3537 sunt,
1099 3488 1177 3547 quae
1219 3486 1220 3547 l

154 3557 300 3618 teneant,
313 3566 385 3626 quae
400 3550 427 3607 si
442 3550 554 3609 omnia
569 3567 698 3609 summa
712 3568 776 3608 non
792 3557 876 3620 sunt,
890 3549 936 3627 (et
950 3550 1107 3629 pleraque
1125 3562 1176 3614 ta·
1219 3566 1220 3599 ³

155 3653 230 3694 men
253 3632 479 3710 magnasunt)
497 3652 629 3694 necesse
646 3641 704 3703 est,
719 3652 762 3693 ea
783 3634 865 3712 ipsa,
880 3652 952 3712 quae
975 3642 1060 3706 sunt,
1075 3638 1174 3699 mira-
1219 3690 1220 3721 ,

154 3715 235 3777 bilia
250 3716 363 3777 rideri.
1219 3728 1220 3733 ’

197 3799 296 3877 Ergo,
311 3807 348 3859 ut
363 3799 405 3861 ad
423 3800 564 3879 primum
578 3800 659 3860 illud
674 3809 830 3871 revertar,
845 3802 887 3861 sit
902 3810 1012 3863 orator
1026 3803 1121 3865 nobis
1135 3807 1172 3875 is,
