2434 4286
326 368 366 411 nn
386 367 528 410 aaaron
548 366 638 409 tuna
658 366 796 410 rnrrus.
1009 352 1069 411 luti

48 517 132 597 quod
157 516 258 596 quale
279 516 332 586 sit,
353 535 419 576 non
441 523 491 577 est
514 533 625 576 meum
644 514 764 584 dicere,
788 523 962 594 propterea
983 514 1069 594 quod

49 603 183 662 minime
197 601 262 661 sibi
285 602 420 678 quisque
436 608 531 660 notus
546 609 604 669 est,
619 609 652 659 et
674 597 863 659 difficillime
878 599 918 660 de
934 617 969 660 se
985 602 1069 678 quis-

48 704 109 764 que
132 687 256 745 sentit:
282 685 340 744 scd
361 695 474 744 tamen
496 681 723 744 dissimilitudo
744 683 884 760 intelligi
906 692 1070 763 potestat

49 788 88 829 ex
104 766 213 831 motd‘s
229 770 294 829 mei
312 766 548 838 mediocritate,
563 776 596 826 et
611 786 653 828 ex
667 785 715 836 eo,
730 765 825 846 quod,
840 766 958 845 quibus
974 770 1069 829 vesti·

49 854 110 930 giis
133 854 279 932 primum
302 852 413 921 institi,
435 853 470 911 in
492 852 532 911 iis
554 850 622 911 fere
640 851 729 912 solco
751 856 914 930 perorare,
929 861 963 912 et
984 851 1071 930 quod

49 935 224 1014 aliquanto
239 955 292 996 me
307 937 412 1013 major
427 935 461 995 in
476 933 585 995 verbis
599 934 695 1011 quam
714 934 749 994 in
763 936 933 995 sententiis
947 936 1070 1012 eligen-

48 1019 98 1081 dis
113 1020 258 1081 laboret
273 1037 353 1079 cura
368 1029 506 1096 torquet,
521 1027 700 1089 verentem,
714 1038 766 1088 ne,
781 1021 808 1079 si
830 1018 932 1098 paulo
947 1018 1070 1081 obsole-

48 1106 111 1164 tior
127 1104 230 1164 fuerit
244 1104 359 1174 oratio,
374 1123 438 1163 non
454 1102 554 1180 digna
569 1103 813 1182 exspectatione
828 1112 862 1163 et
876 1103 1006 1165 silentio
1021 1102 1070 1166 su·

48 1188 112 1248 isse
129 1188 294 1248 videatur.
705 1183 735 1212 “·

91 1269 191 1345 Quod
206 1273 235 1331 si
249 1272 283 1331 in
300 1269 399 1340 nobis,
411 1270 467 1349 qui
483 1268 649 1338 adsumus,
663 1277 765 1330 tantae
780 1268 1101 1342 dissimilitudinesr=

48 1362 121 1416 tam
137 1364 238 1415 certae
254 1373 305 1414 res
327 1357 484 1431 qu'usque
501 1355 649 1432 propriae,
665 1364 698 1414 et
712 1355 745 1414 in
761 1353 800 1413 ed
817 1355 987 1431 varietate,
1003 1354 1071 1416 sere

49 1439 171 1500 melius
186 1458 209 1498 a
223 1438 392 1508 deteriore,
406 1437 568 1498 facultate
582 1436 689 1514 magis
703 1438 800 1515 quam
815 1456 946 1514 genere,
961 1437 1071 1498 distin·

50 1525 174 1600 guitur,
189 1532 288 1600 atque
303 1541 399 1582 omne
414 1520 579 1584 laudatur.
590 1521 675 1598 quod
689 1521 724 1581 in
739 1540 797 1581 suo
811 1540 932 1598 genere
948 1520 1072 1601 perfee-

49 1616 122 1666 tum
138 1614 209 1677 est3
234 1605 309 1684 quid
333 1606 482 1675 censetis
497 1606 524 1665 si
546 1623 667 1675 ornnes,
689 1606 745 1684 qui
772 1604 889 1682 ubique
913 1615 989 1665 sunt
1013 1615 1073 1668 aut

50 1689 198 1760 fuerunt,
213 1698 358 1773 oratores
379 1688 536 1768 amplecti
558 1685 781 1749 voluerimus?
809 1708 916 1750 nonne
932 1688 1011 1760 fore,
1025 1699 1072 1761 ut,

50 1785 132 1852 quot
143 1782 300 1843 oratores
311 1772 446 1833 totidem
462 1773 553 1851 paene‘
569 1774 774 1851 reperiantur
785 1792 908 1849 genera
919 1772 1077 1835 dicendii

51 1854 105 1918 Ex
120 1858 186 1935 qui
202 1857 275 1917 med
289 1856 508 1936 disputatione
520 1854 658 1916 forsitan
669 1865 820 1916 occurrat
836 1856 925 1927 illud,
937 1859 964 1916 si
979 1858 1072 1937 paene

52 1940 313 2002 innumerabiles
328 1943 392 2002 sint
412 1941 505 2018 quasi
528 1940 834 2017 lor-mengumquc
849 1938 987 2012 dicendi,
1002 1960 1073 2021 spe·

53 2027 103 2087 cie
119 2024 278 2104 dispares
290 2043 409 2100 genere
425 2022 628 2095 laudabiles;
650 2044 714 2084 non
729 2042 823 2103 posse
839 2043 890 2094 ea,
902 2043 974 2101 quae
989 2028 1074 2086 inter

53 2128 89 2171 se
100 2109 298 2188 discrepant,
311 2108 425 2169 iisdem
438 2108 618 2187 praeceptis
631 2117 729 2186 atque
740 2108 775 2168 in
785 2108 850 2168 und
861 2109 1073 2181 institutione,

52 2193 200 2254 formari.
245 2190 342 2266 Quod
363 2199 492 2251 nonest
513 2192 579 2252 ita:
608 2191 917 2271 diligentissimeque
940 2192 1000 2254 hoc
1023 2201 1073 2255 est

52 2278 112 2348 eiS,
140 2278 197 2354 qui
222 2276 394 2337 instituunt
419 2275 555 2354 aliquos
577 2284 675 2352 atque
695 2274 860 2346 erudiunt,
886 2276 1073 2347 videndum,

52 2360 120 2440 quo
135 2379 198 2420 sua
212 2379 371 2437 quemque
392 2370 513 2420 natura
527 2360 669 2420 maxime
684 2359 768 2420 ferre
792 2359 951 2421 videatur.
996 2360 1073 2423 Ete-

52 2446 125 2506 nim
150 2442 307 2514 videmus,
322 2463 362 2503 ex
383 2443 496 2503 eodem
520 2443 616 2522 quasi
638 2442 714 2503 ludo
734 2462 934 2505 summorum
957 2446 991 2505 in
1015 2464 1074 2505 suo

53 2529 216 2606 cujusque
232 2546 351 2607 genere
375 2526 538 2588 artificum
553 2536 586 2588 et
608 2528 837 2603 magistrorum
860 2527 963 2587 exisse
980 2527 1073 2587 disci-

52 2614 161 2694 pulos
176 2610 348 2671 dissimiles
371 2611 457 2671 inter
471 2630 516 2681 se,
539 2621 688 2672 attamen
712 2609 911 2679 laudandos3
934 2610 1008 2670 crim
1031 2608 1075 2670 ad

54 2696 217 2772 cujusque
236 2704 389 2755 naturam
413 2696 574 2762 institutio
598 2694 738 2755 doctoris
761 2693 1073 2755 accommodaretur.

54 2777 162 2857 Cujus
176 2787 226 2839 est
241 2778 295 2839 vel
310 2779 452 2839 maxime
468 2780 594 2855 insigne
610 2777 690 2839 illud
712 2778 899 2856 exemplum
915 2778 964 2857 (ut
979 2788 1078 2839 caete·'

54 2881 112 2924 ras
129 2872 217 2922 artes
232 2862 446 2935 omittamus),
461 2862 546 2940 quod
561 2861 692 2923 dicebat
701 2860 872 2932 Isocrates
887 2862 999 2924 doctor
1010 2864 1074 2925 sin·

56 2947 196 3024 gularis‚
210 2965 244 3005 se
261 2946 446 3007 calcaribus
461 2947 494 3006 in
509 2945 651 3025 Ephoro,
666 2947 778 3007 contra
792 2955 903 3008 autern
919 2948 953 3007 in
968 2946 1073 3008 Theo·

56 3048 180 3110 pompe
203 3029 311 3099 frenis
336 3031 383 3090 uti
412 3029 536 3091 solere:
566 3031 706 3093 alterum
731 3031 828 3101 enim,
854 3031 1075 3092 exsultantem

56 3112 234 3174 verborum
256 3112 405 3184 audacia,
420 3113 630 3192 reprimebat,
652 3114 801 3185 alterum,
816 3124 1027 3175 cunctantem
1042 3122 1075 3176 et

57 3198 154 3276 quasi
164 3196 449 3267 verecundantem,
457 3197 626 3258 incitabat.
644 3196 760 3277 Neque
770 3198 956 3259 consimiles
966 3196 1075 3259 effecit

57 3281 145 3343 inter
155 3299 189 3340 se
201 3302 210 3351 ς
225 3280 282 3341 sed
293 3282 421 3341 tantum
432 3280 527 3342 alteri
538 3279 673 3350 affinxit,
681 3280 720 3341 de
731 3280 835 3341 altero
844 3281 981 3353 limavit,
993 3291 1030 3341 ut
1042 3280 1075 3342 id

58 3363 279 3427 conformaret
291 3365 324 3424 in
336 3365 574 3443 utroque,qu0d
584 3365 753 3442 utriusque
764 3373 883 3424 natura
898 3374 1074 3443 pateretur.

28 3458 32 3465 '
102 3447 143 3510 X.
174 3445 256 3508 Haec
272 3447 312 3508 ed
326 3447 407 3508 mihi
429 3447 634 3527 praedicenda
657 3446 797 3517 fuerunt,
812 3455 857 3517 ut,
879 3449 907 3508 si
929 3467 993 3509 non
1008 3470 1075 3510 om·

58 3532 126 3601 nia,
141 3550 213 3609 quae
229 3542 485 3611 proponerentur
499 3550 521 3591 a
539 3550 602 3601 me,
622 3530 665 3591 ed
684 3532 829 3592 omnium
846 3534 988 3592 vestrirm
1009 3543 1075 3593 stu-

59 3616 161 3685 dium,
176 3624 209 3676 et
231 3614 273 3675 ad
295 3635 400 3692 genus
421 3615 463 3685 id,
480 3614 566 3693 quod
581 3615 716 3693 quisque
733 3617 876 3676 vestrum
891 3616 925 3675 in
940 3614 1076 3675 dicendo

60 3697 224 3780 probaret,
239 3698 508 3768 adhaerescerent,
526 3697 559 3758 id
582 3717 603 3757 a
624 3716 676 3758 me
698 3718 803 3776 genus
818 3699 957 3780 exprimi
978 3697 1075 3758 senti-

60 3784 148 3856 retis,
163 3781 250 3863 quod
263 3783 406 3844 maxime
421 3781 578 3868 mihiipsi
591 3780 793 3862 probaretur.
