2434 4286
112 383 173 442 106
371 397 410 437 ne
431 395 572 437 onerose
593 394 684 436 amna
705 394 867 437 saeoxncs.

108 546 266 630 praeclare
281 543 441 626 Opimius
485 542 537 605 Ex
560 543 852 623 consequentibus:
875 543 911 606 Si
927 553 960 605 et
975 545 1060 606 ferro
1083 547 1138 606 in·

108 632 267 695 terfectus
282 630 348 701 ille,
370 637 404 690 et
425 637 463 690 tu
485 629 638 690 inimicus
662 630 733 705 ejus
759 648 834 689 cum
859 628 969 706 gladio
993 639 1138 692 cruento

110 714 364 796 comprehensus
379 734 415 776 es
429 714 463 774 in
478 712 534 773 illo
549 714 620 792 ipso
637 714 718 784 loco,
734 721 766 773 et
789 732 885 774 nemo
901 724 1020 793 praeter
1035 724 1068 775 te
1084 715 1138 776 ibi

110 804 198 863 visus
213 810 272 871 est,
296 807 329 859 et
352 817 455 859 causa
471 798 603 866 nemini,
628 806 661 859 et
684 807 722 858 tu
745 817 875 877 semper
897 797 1028 870 audax3
1051 798 1139 877 quid

84 894 168 956 est,
190 883 275 964 quod
290 884 330 945 de
346 882 492 943 facinore
515 880 667 944 dubitare
691 879 876 963 possimusl
921 880 974 944 Ex
997 902 1137 944 consen-

109 970 225 1039 taneis,
251 977 294 1040 et,
320 965 604 1047 praecurrentibus,
629 976 663 1027 et
688 966 960 1047 repugnantibus,
986 977 1022 1027 ut
1050 968 1138 1028 olim

111 1053 248 1115 Crassus
264 1052 472 1114 adolescens:
495 1047 581 1122 Non,
596 1052 624 1112 si
639 1049 805 1131 Opimium
818 1051 1002 1123 defendisti,
1014 1050 1138 1124 Garbe,

110 1137 232 1199 idcirco
247 1145 279 1198 te
294 1137 349 1198 isti
364 1135 487 1196 bonum
502 1135 610 1196 civem
632 1134 805 1216 putabunt.
850 1134 1027 1197 Simuldsse
1039 1147 1083 1207 te,
1098 1145 1139 1197 et

110 1221 201 1283 aliud
223 1221 300 1300 quid
320 1219 482 1300 quaesisse,
502 1222 712 1300 perspicuum
735 1228 794 1292 est,
817 1219 903 1298 qued
926 1220 964 1282 Τ.
987 1220 1138 1281 Gracchi

110 1316 249 1368 mortem
274 1305 361 1386 saepti
384 1305 418 1366 in
442 1304 653 1366 concionibus
676 1302 871 1385 deplorasti;
894 1303 978 1384 quod
994 1303 1029 1367 P.
1045 1303 1137 1365 Afri-

111 1393 187 1453 cani
201 1392 292 1452 necis
307 1390 414 1451 socius
429 1388 542 1460 suisti3
564 1387 650 1468 qudd
673 1408 748 1449 eam
773 1389 881 1466 legem
903 1390 937 1449 in
961 1389 1144 1451 tribunatu·

110 1476 235 1547 tulisti;
258 1473 344 1554 quod
367 1493 533 1554 sempera
548 1472 641 1534 bonis
664 1472 836 1534 dissedisti.
880 1472 934 1535 Ex
949 1475 1058 1534 causis
1074 1492 1137 1534 au-

109 1568 178 1622 tem
193 1566 302 1621 rerum
318 1559 383 1620 sic:
406 1558 595 1619 Avaritiam
616 1559 643 1618 si
668 1557 783 1619 tollere
806 1557 916 1629 vultis
938 1567 1045 1619 mater
1059 1559 1138 1636 ejus

111 1654 163 1706 cst
177 1642 333 1713 tollenda,
348 1643 504 1704 luxuries
549 1640 601 1702 Ex
623 1642 663 1702 iis
686 1651 808 1713 autem,
823 1661 895 1721 quae
911 1650 987 1703 sunt
1003 1650 1076 1703 orta
1092 1642 1138 1703 de

111 1730 241 1790 causis:
265 1727 301 1789 Si
316 1728 424 1788 aerarii
440 1728 552 1807 copiis
565 1735 598 1787 et
612 1726 656 1787 ad
672 1726 750 1787 belli
766 1726 968 1804 adjumenta,
980 1738 1013 1787 et
1025 1725 1067 1786 ad
1083 1746 1137 1788 or·

111 1821 269 1874 namenta
283 1812 384 1892 pacis,
396 1813 529 1881 utimur,
540 1810 762 1888 vectigalibus
773 1812 964 1872 serviamus
999 1808 1139 1888 Majora

112 1908 235 1969 autem,
251 1906 285 1957 et
296 1896 434 1967 minora,
444 1905 478 1958 et
492 1897 587 1976 paria
597 1895 873 1976 comparabimus
894 1895 951 1958 sic.
996 1893 1048 1956 Ex
1062 1914 1138 1955 ma-

107 1984 202 2061 jore:
225 1980 262 2043 Si
287 1981 376 2042 bona
399 1981 599 2041 existimatio
621 1980 744 2042 divitiis
767 1989 912 2060 praestat,
935 1988 969 2040 ct
990 1981 1139 2059 pecunia

110 2065 282 2146 tantopere
298 2065 470 2145 expetitur,
485 2063 609 2144 quanto
625 2065 731 2144 gloria
747 2064 854 2143 magis
866 2073 916 2127 est
927 2061 1137 2146 expetenda?

111 2149 164 2214 Ex
178 2152 304 2213 minore
319 2151 366 2211 sio
381 2169 389 2211 z

340 2277 366 2307 “
374 2280 424 2342 tic,
433 2298 521 2348 parve
533 2281 728 2334 consuetudinis

288 2366 386 2427 Cousd,
395 2365 474 2433 tejas
486 2373 593 2417 mortem
598 2365 659 2433 sert
672 2364 922 2435 tomfomilicriter5

289 2449 360 2516 Quid
371 2449 395 2501 si
407 2451 461 2518 ipse
473 2451 608 2502 omdsset?
626 2449 690 2519 quid
700 2450 765 2502 mila
776 2448 911 2518 lticsociet
921 2448 1016 2519 patri?
1029 2445 1053 2479 '³

112 2574 165 2639 Ex
176 2577 249 2658 pari
263 2577 329 2638 sic:
351 2575 412 2639 Est
425 2575 571 2654 ejusdem
584 2585 618 2637 et
631 2578 766 2657 eripere,
780 2572 828 2656 [et
841 2585 957 2638 contra
967 2595 1038 2637 rem
1053 2575 1137 2657 pub-

112 2662 212 2723 licam
228 2660 366 2744 largiri,]
391 2662 560 2742 pecunias
605 2659 698 2723 Foris
721 2672 833 2721 autern
856 2669 1068 2722 assumuntur
1083 2681 1138 2733 ea,

112 2766 185 2825 quae
200 2766 266 2807 non
280 2745 339 2806 sud
354 2747 397 2817 vi,
409 2745 467 2807 sed
481 2744 647 2816 extranei,
660 2744 884 2816 sublevantur,
896 2755 932 2807 ut
947 2743 1036 2806 haec:
1059 2743 1138 2808 Hoc

112 2849 229 2892 verum
251 2838 321 2900 est;
344 2830 425 2891 dixit
448 2831 535 2890 enim
558 2829 600 2906 Q.
618 2829 790 2891 Lutatius:
821 2828 894 2890 Hoc
917 2829 1039 2891 falsum
1062 2839 1137 2901 est3

16 2968 21 2981 .
112 2914 229 2979 habita
245 2915 333 2975 enim
348 2915 484 2993 quaestio
499 2923 569 2976 est:
593 2913 666 2976 Hoc
682 2916 774 2993 sequi
789 2934 924 2976 necesse
941 2924 1008 2985 est3
1030 2915 1137 2975 recito

113 3000 202 3060 enim
228 2997 370 3059 tabulas.
415 2996 465 3060 De
491 3018 555 3077 quo
581 3019 701 3076 genere
727 3010 796 3060 toto
825 2998 925 3079 paulo
952 2998 1030 3060 ante
1056 2997 1135 3060 dixi.

114 3083 206 3153 Haec,
217 3092 254 3143 ut
269 3080 462 3144 brevissime
477 3082 540 3144 dici
556 3093 741 3163 potuerunt,
757 3086 805 3144 ita
819 3103 841 3143 a
856 3103 907 3145 me
923 3082 1012 3144 dicta
1027 3092 1113 3144 sunt.

156 3165 239 3229 XLl.
263 3165 308 3228 Ut
323 3168 420 3237 enim,
436 3168 463 3227 si
488 3187 606 3229 aurum
625 3169 688 3239 oui,
703 3168 788 3247 quod
810 3177 897 3229 esset
919 3166 1136 3229 multifariam

113 3250 288 3323 defossum,
312 3260 568 3313 commonstrare
595 3251 726 3323 vellem,
749 3251 828 3312 satis
852 3271 924 3313 esse
948 3251 1091 3323 deberet,
1107 3254 1137 3313 si

114 3338 210 3415 signa
224 3345 257 3398 et
272 3344 368 3397 notas
383 3335 588 3398 ostenderem
611 3336 766 3408 locorum,
782 3336 900 3418 quibus
915 3337 1063 3413 cognitis,
1078 3336 1137 3398 ille

114 3420 176 3482 sibi
196 3422 265 3502 ipse
281 3419 415 3493 foderet,
429 3429 463 3482 et
478 3420 511 3483 id
526 3419 611 3501 quod
626 3420 737 3491 vellet,
752 3421 891 3501 parvulo
907 3420 1029 3492 labore,
1045 3421 1137 3482 nullo

114 3525 233 3576 erroro,
242 3506 423 3566 inveniret:
446 3506 493 3566 sio
508 3505 568 3567 has
580 3525 642 3582 ego
654 3516 923 3583 argumentorum
939 3505 1014 3566 novi
1031 3514 1136 3577 notae,

115 3609 188 3667 quae
212 3589 272 3651 illa
294 3587 374 3649 mihi
396 3591 555 3668 quaerenti
579 3589 813 3661 demonstrant,
828 3589 885 3651 ubi
900 3592 985 3662 sint3
1008 3589 1138 3669 reliqua

116 3672 194 3733 curri
208 3681 241 3733 et
256 3673 455 3750 cogitatione
472 3683 641 3735 cruuntur.
685 3672 782 3749 Quod
798 3683 910 3735 autem
927 3683 1137 3752 argumento·

116 3775 189 3816 rum
203 3775 307 3833 genus
329 3759 446 3836 cuique
462 3777 638 3819 causarum
652 3760 766 3835 gcneri
791 3759 934 3819 maxime
950 3761 1138 3832 conveniat,

117 3852 254 3903 nonest
278 3841 359 3904 artis
383 3842 552 3920 exquisita
574 3842 796 3924 praescribere,
812 3842 868 3904 sed
892 3852 940 3904 est
963 3842 1139 3908 mediocris
