2444 4276
347 318 386 395 nn
407 353 548 395 onerose
569 354 658 394 nmen
679 353 816 395 merrus.
1030 337 1092 396 les

69 521 144 583 quae
158 501 252 563 volvi
266 520 332 567 uno
346 501 462 582 spiritu
477 510 591 581 potest.
606 499 687 562 'Sed
702 499 755 562 hic
767 509 894 570 naturae
906 499 1021 562 modus
1027 510 1092 572 est,

71 588 152 647 artis
176 587 284 646 alius:
306 605 384 647 nam
407 587 482 646 cum
503 587 568 646 sint
589 587 718 646 numeri
739 585 870 666 plures;
893 585 1041 647 iambum
1060 596 1093 647 et

71 670 254 732 trochaeum
277 668 480 749 frequentem
502 679 655 748 segregat
677 671 720 731 ab
743 679 871 731 oratore
891 671 1093 742 Aristoteles

71 752 202 826 Catule,
217 764 336 837 vester,
350 755 406 833 qui
428 755 546 814 netuni
560 762 674 814 tamen
695 756 867 816 incurrunt
888 756 951 834 ipsi
972 756 1007 815 in
1022 774 1092 815 ora·
1145 830 1149 839 ¹

72 839 197 900 tionem
219 846 467 917 sermonemque
490 847 656 910 nostrum3
679 838 735 899 sed
757 849 833 900 sunt
855 840 1000 916 insignes
1022 859 1092 919 per·

72 925 242 984 cessiones
262 942 375 984 eorum
397 942 616 994 numerorum,
631 931 665 984 et
686 925 804 984 minuti
825 923 935 1005 pedes.
979 923 1093 998 Quare

72 1009 223 1104 primum.
232 1007 275 1068 ad
289 1006 425 1068 heroum
438 1026 497 1067 nos
511 1006 587 1067 dact
575 1007 634 1087 tyli
656 1015 689 1068 et
711 1010 871 1087 anapaesti
846 1016 927 1069 tet
949 1007 1093 1088 spondaei

73 1092 223 1172 pedem
214 1092 354 1162 1nvitat3
377 1093 490 1171 inquo
505 1092 637 1171 impune
653 1093 803 1188 progredi
826 1093 902 1153 licet
924 1091 988 1152 duo
1003 1092 1093 1153 dum·

4 1222 6 1243 ,
74 1186 169 1237 taxat
191 1175 301 1260 pedes
317 1184 375 1236 aut
397 1172 496 1255 paulo
512 1176 593 1257 plus,
608 1196 649 1237 ne
665 1176 786 1258 plane
778 1197 812 1237 1n
829 1195 958 1237 versum
974 1187 1032 1237 aut
1053 1179 1093 1238 si·

4 1286 6 1331 ;
73 1253 295 1323 militudinem
306 1278 460 1321 versuum
472 1258 662 1320 incidamus
687 1262 770 1321 Alrae
781 1269 856 1320 sun
867 1280 1094 1339 gemrnee,qu1

75 1343 134 1405 bus
150 1344 185 1404 hi
200 1330 268 1405 tres
283 1343 372 1404 heroi
383 1344 502 1423 pedes
494 1363 536 1404 m
534 1346 705 1425 principia
716 1336 790 1405 cdnt
778 1344 1009 1405 tinuandorum
1023 1365 1095 1409 ver·

76 1429 191 1490 borum
206 1427 286 1488 satis
301 1427 417 1488 decore
433 1426 564 1489 eadunt

116 1513 354 1574 Probaturt
297 1523 354 1572 eut
356 1531 409 1573 em
423 1511 592 1572 abeodem
608 1512 663 1572 illo
678 1512 820 1574 maxime
836 1531 952 1592 paeon3
974 1513 1030 1591 qui
1046 1520 1096 1574 est

74 1595 207 1678 duplex.
241 1595 331 1657 Nam
346 1604 405 1657 aut
420 1615 441 1656 a
456 1596 552 1673 longe
568 1597 678 1667 oritur,
693 1616 793 1690 quam
807 1606 873 1657 tres
888 1596 1005 1658 breves
1021 1617 1095 1658 con·

74 1691 266 1761 sequuntur,
281 1690 318 1741 ut
333 1680 402 1741 haec
418 1680 530 1750 verba,
545 1674 698 1752 Desinite,
712 1676 827 1781 Incipit
827 1704 852 1752 e,
871 1680 1055 1763 Gomprt‘rnit
1054 1702 1094 1751 e,·

75 1779 134 1826 aut
151 1787 173 1826 a
188 1764 343 1826 brevibus
357 1764 518 1845 deinceps
526 1763 640 1835 tribue,
656 1767 802 1827 extremi
816 1765 966 1845 product
953 1784 981 1837 e,
997 1776 1096 1843 atque

76 1849 184 1928 longe,
200 1851 285 1910 sicut
306 1849 365 1909 illa
384 1860 468 1920 sunt,
483 1846 687 1921 Domuerunt,
704 1846 953 1930 Sonipedesm
955 1862 1032 1928 tque
1048 1850 1094 1911 illi

75 1934 271 2015 philosopho
286 1927 392 1994 ordiri
414 1934 525 2014 placet
548 1952 569 1992 a
592 1934 758 2078 superiore
779 1952 902 2013 paeone.
917 1935 1095 2013 posteriore

4 2012 6 2049 ⁷
75 2019 182 2080 finire.
227 2018 288 2080 Est
309 2027 421 2079 autem
442 2037 536 2098 paeon
558 2016 612 2078 hic
627 2024 699 2097 post
701 2018 794 2096 orior,
809 2036 874 2078 non
894 2018 1097 2099 syllabarum
1132 2022 1138 2028 ’

75 2122 224 2173 numero,
240 2101 296 2162 sed
312 2104 442 2163 aurium
456 2102 616 2173 mensurii,
634 2100 731 2181 (quod
748 2110 798 2163 est
816 2103 925 2163 acrius
935 2103 1097 2180 judicium

74 2196 110 2248 et
134 2185 276 2266 certius)
300 2185 442 2269 pariere
459 2187 589 2258 crelion,
604 2189 660 2265 qui
676 2195 725 2248 est
741 2206 782 2248 ex
797 2186 893 2265 longit
907 2198 941 2249 et
955 2187 1048 2248 brevi
1063 2196 1097 2249 et

73 2272 197 2348 longi:
220 2281 256 2333 ut
323 2288 331 2295 ·
418 2288 423 2294 ‘

234 2399 304 2464 Quid
310 2407 399 2469 petam
407 2398 522 2467 presidi,
535 2405 581 2450 cut
593 2399 739 2466 exsequar?
758 2416 837 2467 pecore
849 2400 940 2452 nunc?

2 2554 5 2594 t
75 2524 108 2587 A
125 2543 192 2605 qno
206 2544 341 2585 numero
359 2542 493 2585 exorsus
513 2534 562 2585 est
583 2521 741 2594 Fannius,
763 2520 810 2598 st,
828 2520 980 2593 Quirites,
994 2522 1098 2583 minus

74 2608 178 2668 iilius,
233 2607 331 2670 Hunc
355 2609 410 2670 ille
434 2608 592 2668 clausulis
615 2607 774 2689 aptiorem
798 2616 903 2687 putat,
922 2626 1004 2684 quas
1026 2607 1098 2667 vult

76 2693 178 2770 longe
192 2693 383 2773 plerumque
399 2691 525 2774 syllabd
539 2691 717 2765 terminari.

122 2775 266 2839 XLVIII.
290 2776 406 2855 Neque
423 2776 499 2836 vero
522 2776 591 2837 hoec
614 2786 684 2839 tam
706 2795 816 2836 acrem
832 2788 946 2836 curam
961 2774 1098 2853 diligen·

77 2861 438 2940 tiamquedesiderant,
454 2861 551 2938 quam
573 2869 621 2921 est
645 2860 703 2921 illa
725 2863 917 2940 poetarum3
940 2880 1020 2939 quos
1044 2880 1098 2922 ne·

79 2947 219 3008 cessitas
242 2947 338 3024 cogit,
358 2954 391 3006 et
413 2946 475 3024 ipsi
498 2945 624 3005 numeri
647 2965 687 3007 ac
709 2944 806 3017 modi,
822 2946 868 3006 sic
884 2943 987 3005 verba
1002 2964 1099 3006 versu

79 3029 258 3102 includere,
270 3042 307 3092 ut
323 3029 403 3090 nihil
419 3030 470 3100 sit,
482 3049 522 3089 ne
535 3031 651 3109 spiritu
661 3028 792 3108 quidem
808 3031 951 3101 minimo,
967 3030 1099 3091 brevius

81 3123 143 3176 aut
165 3115 293 3191 longius
314 3114 412 3193 quem
433 3133 566 3176 necesse
587 3123 646 3175 est.
691 3114 838 3176 Liberior
853 3123 903 3175 est
918 3115 1042 3184 orati03
1065 3124 1098 3175 et

82 3199 191 3280 plane,
213 3209 250 3260 ut
272 3199 399 3270 dicitur,
414 3199 460 3258 sic
476 3207 525 3258 est
541 3199 617 3258 vere
631 3197 753 3267 soluta;
778 3218 842 3258 non
863 3207 900 3259 ut
922 3196 1029 3275 fugiet
1050 3207 1100 3258 ta·

81 3303 169 3354 men,
185 3291 243 3344 aut
257 3291 353 3354 erret,
368 3280 423 3343 sed
441 3291 484 3354 ut,
496 3283 565 3342 sine
577 3282 727 3351 vinculis,
739 3281 801 3342 sibi
816 3283 888 3362 ipsa
903 3282 1097 3343 moderetur.

84 3367 237 3448 Namque
252 3388 314 3444 ego
329 3366 410 3427 illud
425 3367 585 3427 assentior
600 3363 837 3444 Theophrasto,
848 3366 902 3443 qui
919 3377 1013 3445 putat
1028 3387 1099 3426 ora-

82 3453 215 3523 tionem,
230 3471 302 3531 quae
317 3451 448 3529 quidem
464 3452 505 3511 sit
520 3449 623 3530 polita
635 3459 733 3528 atque
746 3448 837 3510 facta
852 3450 1098 3527 quodammodo,

83 3557 150 3598 non
172 3536 336 3607 adstriete,
355 3535 411 3595 sed
431 3536 605 3605 remissius
626 3552 834 3594 numerosam
852 3553 922 3594 esse
940 3544 1098 3614 oportere.

83 3619 228 3691 Etenim,
249 3621 333 3681 sicut
354 3619 410 3681 ille
433 3619 626 3699 suspicatur,
641 3637 682 3677 ex
696 3617 766 3677 istis
780 3617 893 3687 modis
908 3619 1025 3696 quibus
1047 3616 1100 3678 hio

83 3706 226 3767 usitatus
241 3723 354 3765 versus
369 3701 517 3774 efficitur,
538 3711 610 3783 post
633 3711 828 3782 anapaestus
850 3702 1013 3782 procerior
1031 3701 1100 3777 qui·

3 3778 4 3793 ¹
83 3789 163 3851 dam
186 3807 350 3860 numerus,
373 3785 535 3858 effloruit;
565 3785 638 3847 inde
663 3786 718 3847 ille
742 3786 891 3847 licentior
914 3793 947 3844 et
970 3783 1101 3845 divitior
