2444 4276
115 338 177 398 1⁹8
390 355 430 397 nn
450 354 591 397 carrona
611 353 703 397 mna
723 352 859 398 marica

114 505 171 583 jus
184 503 283 565 totius
297 501 410 565 mundi
425 511 524 582 atque
540 512 677 576 naturae,
690 501 863 564 rotundum
877 510 915 563 ut
930 500 1062 575 coelum,
1072 509 1137 564 ter·
1210 522 1211 527 ¹

114 608 215 667 raqne
231 598 268 648 ut
290 586 401 648 media
415 589 466 658 sit,
482 607 586 667 eaque
603 587 661 647 sud
676 589 710 648 vi
725 596 872 667 nutuque
887 595 1064 658 teneatur;
1087 586 1137 648 sol

113 682 151 733 ut
167 672 427 744 circumferatur,
439 683 475 733 ut
491 671 629 733 accedat
645 671 688 732 ad
699 669 848 734 brumale
860 672 999 749 signum,
1011 680 1044 732 et
1060 670 1136 732 inde
1210 702 1211 711 ι

114 758 237 818 sensim
252 754 409 817 ascendat
430 756 464 817 in
479 756 644 817 diversam
666 766 817 836 partem,
838 764 875 817 ut
897 757 977 816 luna
998 775 1139 817 accessu

116 851 149 902 et
170 860 301 902 recessu
322 859 382 901 suo
404 841 480 902 solis
502 841 614 901 lumen
636 842 801 921 accipiat;
823 850 860 900 nt
885 839 1003 901 eadem
1026 841 1138 921 spatia

114 927 258 1004 quinque
274 923 377 985 stellae
394 924 517 1006 dispari
539 933 630 986 motu
644 945 804 1004 cursuque
822 924 1007 986 conficiant.
1052 924 1137 986 Haec

115 1018 245 1070 tantam
260 1008 384 1070 babent
398 1011 475 1080 vim,
491 1020 527 1071 ut
549 1009 686 1089 paulum
701 1011 877 1070 immutata
892 1008 1055 1070 oohaerere
1071 1029 1138 1070 non

115 1096 239 1173 possint
252 1115 260 1165 ;
283 1101 412 1155 tantam
426 1093 710 1174 pulchritudinem,
725 1102 762 1155 ut
777 1093 869 1155 nulla
884 1095 1010 1172 species
1026 1114 1066 1155 ne
1084 1113 1139 1154 ex·
1210 1152 1211 1165 ,

116 1178 255 1256 cogitari
271 1177 403 1256 quidem
424 1181 526 1258 possit
542 1180 694 1240 ornatior.
740 1177 870 1240 Referte
887 1198 973 1239 nunc
989 1181 1139 1239 animum

117 1263 160 1323 ad
174 1263 352 1334 hominum,
364 1262 418 1324 vel
434 1263 535 1324 ctiam
547 1272 741 1324 caeterarum
757 1263 985 1334 animantium,
996 1262 1139 1324 formam

117 1356 151 1408 et
166 1347 329 1425 liguram:
345 1347 471 1408 nullam
488 1357 617 1428 partem
629 1348 772 1428 corporis
787 1348 856 1407 sine
872 1347 982 1428 aliqud
996 1349 1137 1408 necessi·

117 1439 186 1492 tate
202 1432 357 1504 affictam,
372 1441 540 1511 totamque
556 1431 695 1493 formam
710 1430 803 1511 quasi
818 1430 1002 1512 perlectam
1015 1432 1138 1512 reperi·

117 1518 179 1577 etis
194 1527 275 1587 arte,
290 1536 354 1576 non
370 1536 459 1578 casn.

159 1599 274 1662 XLVI.
298 1599 388 1675 Quid
402 1603 437 1662 in
452 1599 631 1673 arboribus
644 1601 680 1662 in
695 1600 813 1679 quibus
833 1619 897 1661 non
912 1607 1057 1671 truncus,
1071 1619 1139 1661 non
1210 1606 1212 1717 q

116 1685 211 1755 rami,
226 1705 290 1746 non
311 1683 393 1747 folia
414 1696 490 1746 sunt
512 1685 661 1764 denique,
676 1685 739 1746 nisi
758 1684 800 1745 ad
820 1703 915 1745 suam
930 1683 1139 1746 retinendam

117 1768 440 1867 conservandamque
463 1766 641 1831 naturam?
670 1788 831 1848 nusquam
856 1778 968 1830 tamen
992 1778 1042 1829 est
1067 1769 1140 1831 ulla

116 1873 203 1934 pars,
228 1855 290 1916 nisi
312 1865 462 1916 venusta
498 1854 710 1953 Linquamus
731 1863 895 1941 naturam,
919 1863 1070 1930 artesque
1091 1855 1139 1915 vi·

117 1937 263 1999 deamns
307 1937 423 2016 Quidt
426 1959 481 2000 am
496 1940 530 2000 in
547 1939 680 2017 navigio
695 1940 928 2007 necessarium,
942 1956 1040 2036 quam
1056 1937 1139 1999 late·

117 2041 165 2093 ra,
180 2041 278 2100 quam
293 2043 454 2094 cavernae,
469 2043 567 2122 quam
588 2043 695 2144 prora,
710 2023 808 2103 qnam
824 2024 950 2103 puppis,
966 2022 1063 2101 quim
1080 2042 1139 2083 an·
1161 2045 1191 2105 gr

117 2191 151 2250 in
173 2191 281 2271 speeie
297 2199 515 2263 venustatem,
536 2200 574 2253 ut
595 2213 660 2253 non
682 2193 787 2254 solirrn
809 2191 905 2252 salut
884 2201 933 2262 tra,
955 2191 1067 2252 sedt
1035 2195 1140 2254 etiarn

117 2274 296 2354 voluptatis
318 2294 428 2346 causa,
449 2277 586 2338 inventa
606 2296 676 2338 esse
692 2276 875 2338 videantur.
920 2275 1090 2336 Columnae
1106 2285 1139 2338 et

117 2360 242 2439 templa
264 2367 297 2420 et
319 2361 462 2439 porticus
484 2365 663 2422 sustinent:
685 2371 799 2423 tamen
824 2360 947 2422 habent
972 2380 1037 2421 non
1063 2360 1139 2440 plus

117 2443 281 2515 utilitatis
296 2444 394 2523 quam
408 2444 588 2523 dignitatis
632 2444 788 2527 Capitolii
809 2444 979 2522 fastigium
998 2444 1089 2519 illud,
1106 2454 1140 2506 et

118 2536 312 2590 craterarum
334 2528 465 2602 aedium,
487 2550 553 2591 non
574 2541 740 2602 venustas,
764 2529 821 2592 sed
851 2530 1032 2590 necessitas
1053 2530 1139 2609 ipsa,

118 2611 282 2675 fabricata
298 2624 368 2675 est:
391 2634 469 2676 nam
484 2616 560 2676 oiim
575 2625 660 2676 esset
682 2614 870 2675 habitat
818 2624 870 2675 rat
872 2615 912 2685 io,
927 2612 1138 2692 quemadmo-

117 2696 196 2758 dum
207 2718 248 2759 ex
262 2707 299 2758 ut
300 2717 399 2796 inque
414 2701 494 2761 tecti
509 2708 582 2781 part
584 2719 602 2760 e
615 2719 702 2777 aqna
713 2697 942 2768 delaberetur3
957 2707 994 2758 ut
982 2698 1140 2760 tilitatem

117 2783 232 2861 templi
243 2780 368 2860 fastigii
359 2782 483 2862 dignit
486 2803 523 2844 as
535 2792 711 2846 consecuta
723 2793 793 2855 est;
808 2795 855 2855 nt,
866 2783 996 2844 etiamsi
1008 2783 1042 2842 in
1054 2784 1140 2844 coelo

118 2873 184 2926 satt
150 2874 329 2939 atueretnr,
344 2866 401 2928 ubi
416 2868 521 2930 imber
536 2888 607 2929 esse
623 2888 688 2929 non
710 2875 830 2949 posset,
845 2867 1011 2928 nullam
986 2886 1057 2928 sine
1073 2866 1137 2929 las·

118 2950 198 3026 tigio
213 2948 412 3027 dignitatem
425 2952 614 3013 habiturum
629 2952 729 3013 luisse
741 2952 901 3014 videatur.

160 3031 257 3095 Hoc
249 3055 283 3097 in
298 3035 448 3097 omnibus
463 3038 542 3097 item
556 3037 706 3117 partibus
721 3037 876 3098 orationis
891 3035 1010 3107 evenit,
1021 3044 1059 3097 ut
1074 3037 1139 3098 uti·

118 3118 255 3197 litatem,
271 3138 311 3181 ac
333 3138 434 3202 prope
456 3122 695 3193 necessitatem,
704 3120 858 3182 suavitas
872 3118 1023 3199 quaedam
1037 3128 1072 3182 et
1095 3121 1139 3182 le·

117 3223 177 3285 pos
202 3214 429 3285 consequatur.
484 3204 660 3266 Clausulas
682 3205 779 3275 enim,
803 3212 900 3284 atque
926 3204 1140 3284 interpuncta

118 3289 303 3362 verborum,
327 3292 447 3354 animoe
476 3291 664 3351 interclusio
687 3299 786 3369 atque
816 3288 979 3367 angustia
1005 3289 1140 3368 spiritus

118 3374 310 3436 attulerunt.
344 3375 379 3436 Id
394 3376 565 3436 inventum
580 3376 630 3435 ita
644 3383 693 3435 est
708 3393 821 3446 suave,
835 3384 882 3445 ut,
898 3373 925 3433 si
940 3373 994 3434 oui
1009 3374 1051 3433 sit
1066 3373 1139 3434 infi-

117 3458 207 3518 nitus
228 3460 361 3539 spiritus
375 3459 481 3531 datus,
496 3467 607 3520 tamen
628 3479 704 3521 eum
726 3466 924 3540 perpetuare
939 3456 1045 3518 verba
1058 3457 1139 3518 noli·
1211 3526 1212 3531 η

118 3561 212 3602 mus:
227 3543 260 3603 id
274 3544 363 3604 enim
375 3542 509 3604 auribus
522 3545 639 3606 nostris
650 3553 781 3622 gratum
796 3554 846 3605 est
860 3543 1042 3612 inventum,
1053 3541 1140 3621 quod
1211 3544 1213 3585 ἕ

118 3623 287 3686 hominum
300 3625 458 3687 lateribus
470 3647 535 3689 non
543 3628 713 3690 tolerabile
724 3629 837 3700 solnm,
847 3626 904 3689 sed
915 3626 1018 3689 ctiam
1029 3624 1140 3698 facile,

119 3727 190 3767 essa
206 3718 324 3787 posset.

161 3788 291 3854 XLVII.
324 3790 530 3869 Longissima
553 3804 602 3856 est
626 3796 726 3872 igitur
748 3796 931 3877 complexio
953 3794 1140 3867 verborum,

116 2115 235 2176 tennoe,
251 2126 347 2203 quam
362 2108 448 2177 vela,
463 2109 560 2185 quam
575 2105 676 2170 malil
668 2126 772 2187 quae
784 2118 896 2169 tamen
911 2106 997 2168 hanc
1013 2094 1173 2169 babenb
1210 2130 1213 2251 q

1212 2468 1213 2523 l

1212 2600 1213 2657 l

1212 2666 1213 2719 l
