2434 4286
154 327 213 387 144
411 344 451 387 nn
472 343 613 385 carrona
632 342 722 385 unm
742 342 902 385 eremmon.

149 490 211 554 hoc
226 492 342 571 ipsum,
356 486 511 572 Effertur‚
526 486 615 561 imur,
630 489 796 550 concisum
811 497 870 561 est,
885 491 942 562 ita,
957 497 994 550 ut
1013 490 1177 553 nen'bre-

151 576 246 636 vitati
268 574 425 636 servitum
443 574 492 644 sit,
508 573 564 634 sed
585 571 692 650 magis
707 575 880 634 venustati.
925 572 1024 649 Quod
1039 576 1070 635 si
1087 574 1178 636 nihil
1206 578 1207 591 ¹

149 656 274 730 fuisset,
285 659 357 729 nisi,
368 655 407 718 In
419 657 523 736 iguem
533 656 637 737 positu
651 665 715 726 est,·
731 665 843 718 tamen
858 660 911 718 res'
925 666 995 718 tota
1008 659 1177 735 cognosci

150 742 248 804 facile
263 743 429 822 potuisset.
466 738 531 801 Sed
546 749 580 801 et
594 740 809 811 festivitatem
824 740 925 802 habet
940 743 1092 802 narratio
1110 741 1177 803 dis·

150 826 254 887 tincta
268 825 422 906 personis
437 832 470 885 et
492 825 702 905 interpuncta
723 823 945 886 sermonibus:
968 834 1001 884 et
1021 833 1074 884 est
1097 844 1176 904 pro·

150 908 301 982 habilius,
320 908 404 988 quod
427 915 555 985 gestum
577 927 648 968 esse
670 907 771 977 dicae,
791 909 874 978 cum,
888 906 1177 985 quemadmodum
1206 918 1207 997 t

151 1004 261 1056 actum
277 995 327 1066 sit,
342 1012 505 1074 exponas:
529 1001 562 1052 et
578 990 680 1052 multo
695 991 841 1070 apertius
857 990 899 1050 ad
914 991 1176 1068 intelligendum
1206 1048 1207 1051 ,

150 1089 208 1150 est,
230 1080 258 1139 si
281 1074 358 1160 [sic]
382 1076 568 1138 consistitur
582 1069 768 1153 aliquando,
782 1093 823 1134 ac
844 1093 910 1135 non
924 1075 986 1134 istd
1000 1074 1176 1137 brevitate

148 1165 357 1243 percurritur.
395 1159 553 1240 Apertam
565 1160 651 1220 enim
665 1158 886 1218 narrationem
900 1167 970 1219 tam
984 1178 1056 1220 esse
1074 1181 1175 1239 opor-

150 1254 208 1316 tet,
222 1246 320 1325 quam
334 1253 477 1305 caetera:
499 1243 556 1303 sed
577 1242 637 1303 hoc
660 1240 767 1318 magis
788 1242 823 1303 in
844 1240 907 1302 hac
927 1241 1176 1305 elaborandum

151 1339 208 1401 est,
224 1328 308 1407 quod
330 1338 363 1390 et
384 1327 546 1387 difficilius
561 1334 619 1396 est,
634 1345 696 1387 non
714 1344 786 1386 esse
801 1323 976 1386 obscurum
991 1327 1025 1386 in
1039 1346 1076 1387 re
1094 1348 1175 1389 nar-

150 1413 371 1492 randd,qui1m
388 1420 446 1471 aut
467 1411 501 1470 in
516 1410 684 1490 principio,
699 1418 758 1470 aut
780 1408 815 1469 in
830 1418 1034 1486 argumento,
1049 1407 1113 1471 aut
1139 1413 1173 1472 in

150 1497 329 1577 purgando,
344 1503 402 1555 aut
424 1497 458 1555 in
479 1492 680 1574 perorando:
703 1502 737 1554 et
758 1494 882 1571 majore
898 1494 999 1555 etiam
1018 1497 1176 1573 periculo

92 1616 98 1627 ·
151 1580 222 1641 haec
237 1599 313 1660 pars
327 1578 483 1639 orationis
498 1577 638 1639 obscura
652 1587 710 1649 est,
725 1577 823 1656 quam
838 1585 985 1648 caeterae;
1007 1579 1061 1638 vel
1077 1582 1176 1656 quia,

63 1703 64 1707 =
151 1665 178 1724 si
193 1684 256 1743 quo
272 1663 337 1723 alio
352 1663 385 1722 in
400 1662 471 1722 loco
486 1671 535 1722 est
557 1661 680 1722 dictum
694 1661 771 1740 quid
786 1661 963 1732 obscurius
978 1663 1114 1723 tantum
1140 1659 1179 1725 id'

151 1749 245 1828 perit,
260 1745 345 1825 quod
366 1748 414 1807 ita
428 1744 553 1807 dictum
567 1753 640 1806 est:
663 1745 809 1806 narratio
832 1743 970 1806 obscura
991 1754 1096 1807 totam
1113 1748 1175 1809 ob·

152 1839 255 1892 caecat
276 1831 476 1901 orationem,
498 1829 553 1890 vel
567 1828 653 1908 quud
675 1829 743 1890 alia
764 1829 876 1908 poesie,
892 1830 993 1890 semel
1008 1831 1035 1890 si
1051 1830 1175 1894 obscu-
1206 1830 1207 1889 l

150 1915 361 1985 ricemeris,
376 1913 484 1975 dicere
506 1914 572 1975 alio
594 1913 666 1974 loco
688 1912 1057 1995 planids;›narrationis
1079 1934 1175 1978 unus

152 2007 201 2060 est
222 1999 256 2058 in
278 1997 498 2059 causatores.
541 1995 615 2059 Erit
637 2006 750 2058 autem
772 1997 946 2077 perspicua
965 1999 1126 2070 narratio,
1144 2002 1175 2063 si

151 2081 259 2142 verbis
283 2082 421 2152 usitatis,
443 2082 471 2141 si
494 2080 604 2142 ordine
628 2089 812 2162 temporum
832 2090 1033 2153 conservato,
1052 2081 1081 2142 si
1101 2103 1172 2146 non

151 2165 330 2245 interrupte
345 2163 540 2225 narrabitur.

195 2247 340 2310 LXXXI.
363 2247 437 2319 Sed,
452 2248 581 2327 quando
596 2248 754 2310 utendum
769 2249 819 2320 sit,
834 2258 893 2310 aut
907 2268 973 2309 non
987 2250 1038 2319 sit,
1053 2269 1172 2313 narra·
1206 2276 1207 2315 ι

151 2334 249 2402 tione,
263 2332 297 2393 id
312 2340 361 2394 est
376 2333 521 2397 consilii:
544 2353 648 2412 neque
664 2334 760 2405 enim,
776 2335 803 2394 si
825 2343 972 2395 notares
987 2343 1046 2404 est,
1061 2354 1125 2395 nec
1143 2337 1172 2396 si
1206 2340 1207 2347 ’

151 2437 217 2479 non
231 2415 375 2488 dubium,
390 2416 467 2495 quid
480 2426 617 2496 ,gestum
632 2419 682 2488 sit,
697 2418 824 2478 narrari
839 2426 977 2498 oportet,
992 2437 1052 2478 nec
1068 2419 1096 2478 si
1112 2418 1171 2480 ad-

152 2501 315 2562 versarius
330 2501 497 2574 narravit,
512 2501 613 2562 nisisi
624 2500 820 2563 refellemus
852 2502 910 2573 Ac,
921 2503 949 2562 si
963 2500 1094 2580 quando
1106 2505 1172 2564 erit
1206 2550 1207 2553 η

151 2585 361 2656 narrandum,
373 2606 433 2646 nec
445 2586 512 2658 illa,
521 2605 593 2663 quae
605 2586 823 2666 suspicionem
834 2595 867 2646 et
879 2587 1002 2647 crimen
1014 2584 1172 2658 efficient,

152 2679 327 2749 contraque
343 2689 401 2731 nos
416 2677 520 2742 erunt,
535 2670 656 2730 acriter
675 2688 910 2750 persequamur
923 2692 932 2741 ς
954 2678 997 2740 et,
1011 2668 1171 2750 quidquid
1204 2676 1207 2753 l

151 2757 280 2834 poterit,
295 2753 527 2824 detrahamus;
548 2773 590 2817 ne
613 2752 703 2824 illud,
725 2752 810 2832 quod
832 2752 978 2824 Crassus
992 2754 1020 2814 si
1035 2753 1170 2831 quando
1206 2758 1207 2771 ¹

151 2836 221 2907 fiat,
242 2837 386 2917 perfidia,
407 2858 472 2899 non
494 2837 640 2908 stultitia,
655 2836 726 2897 fieri
748 2845 852 2917 putat,
867 2847 904 2897 ut
925 2855 1034 2897 causae
1049 2855 1169 2898 nocea-

129 2934 234 2989 ‘mus
250 2920 379 2981 accidat
395 2940 402 2981 :
426 2942 503 2983 nam
527 2920 569 2981 ad
591 2940 753 2982 summam
775 2922 876 2982 totius
892 2939 1001 2982 causae
1014 2921 1170 3000 pertinet,

153 3005 258 3075 caute,
274 3023 316 3064 an
332 3005 452 3075 contra,
467 3005 691 3066 demonstrata
712 3024 765 3065 res
786 3006 847 3076 sit;
869 3004 955 3084 qudd
976 3005 1080 3065 omnis
1095 3023 1167 3066 ora-

151 3088 248 3149 tionis
263 3088 395 3167 reliquae
410 3087 482 3148 sons
497 3097 546 3149 est
560 3089 714 3149 narratio.

195 3170 358 3250 Sequitur,
369 3182 405 3234 ut
420 3192 523 3234 causa
537 3180 695 3252 ponatur3
711 3172 745 3233 in
756 3190 820 3251 quo
832 3169 1007 3233 videndum
1020 3180 1078 3242 est,
1088 3173 1170 3250 quid

95 3315 98 3322 .
152 3257 185 3319 in
202 3258 458 3318 controversiam
472 3257 593 3318 veniat.
637 3255 724 3317 Tum
738 3254 943 3334 suggerenda
962 3264 1037 3315 sunt
1059 3254 1169 3318 firma·
1206 3294 1207 3297 =

152 3352 265 3402 menta
281 3360 387 3402 causae
403 3340 585 3420 conjuncte,
597 3348 629 3401 et
643 3339 847 3401 infirmandis
861 3339 1042 3409 contrariis
1053 3347 1087 3399 et
1101 3341 1169 3402 tuis

153 3424 403 3486 confirmandis:
426 3444 567 3504 namque
582 3443 651 3484 una
665 3425 699 3484 in
717 3425 825 3485 causis
841 3423 926 3483 ratio
943 3422 1095 3502 quaedam
1118 3433 1170 3487 est

153 3510 225 3587 ojus
239 3509 405 3579 orationis
416 3528 488 3588 quae
504 3507 547 3569 ad
561 3507 764 3588 probandam
776 3507 1096 3586 argumentationem
1111 3528 1169 3570 va·
1206 3506 1207 3585 l

153 3601 207 3655 ret.
261 3591 314 3654 Ea
335 3602 448 3654 autem
470 3601 503 3653 et
526 3591 807 3654 confirmationem
829 3600 863 3651 et
884 3590 1169 3673 reprehentionem

154 3677 286 3754 quaerit:
301 3674 367 3746 sed,
378 3676 456 3754 quia
471 3695 576 3755 neque
588 3675 781 3757 reprehendi
795 3693 868 3755 quae
879 3674 992 3736 contra
1005 3673 1168 3749 dicuntur,

152 3766 298 3841 possunt,
319 3759 382 3819 nisi
402 3765 463 3821 tua
481 3759 661 3830 confirmes,
682 3778 788 3838 neque
810 3758 880 3822 haec
895 3757 1091 3832 confirmari,
1104 3761 1168 3823 nisi
