2434 4286
313 376 352 426 os
373 383 513 426 onerosa
534 386 621 427 amau
644 386 780 429 marrus.
830 342 838 357 ’
998 368 1060 431 16¹⁷
1105 434 1109 437 ,

31 529 194 593 adbibere
216 530 317 593 rebus
331 529 437 602 debet,
453 551 495 592 ea
509 531 743 593 obscuritatem
759 541 792 594 et
810 530 964 594 tenebras
979 532 1059 596 affe-

31 624 96 686 rat,
109 623 215 693 atque
239 626 276 675 ut
299 615 536 693 quodammodo
561 618 622 699 ipsi
644 616 705 677 sibi
728 616 922 678 indicendo
937 617 1059 680 obstre-

31 718 110 778 pere
127 698 316 759 videantur.
362 698 494 768 Verum,
517 699 544 758 si
566 700 684 777 placet,
706 702 860 780 quoniam
885 699 956 763 haec
979 703 1058 766 satis

34 802 142 862 spero,-
159 781 254 842 vobis
268 781 400 861 quidem
416 784 503 843 certe
518 784 706 860 majoribus,
726 784 867 857 molesta
889 793 922 847 et
943 786 1058 865 putida

33 866 152 936 videri,
168 865 212 926 ad
227 866 354 944 reliqua
370 866 539 944 aliquanto
552 866 715 928 odiosiora
730 886 915 949 pergamus
950 924 955 931 ,

76 948 170 1011 XlV.
208 948 309 1028 Atqui
335 949 435 1021 vidis
460 950 565 1028 inquit
594 951 765 1022 Antonine,
793 954 867 1012 cum
896 950 980 1012 alias
1006 972 1058 1014 res

34 1052 188 1111 agamus,
214 1033 311 1111 quam
333 1040 366 1093 te
390 1030 487 1095 inv'rti
510 1032 694 1105 audiamus,
718 1036 774 1112 qui
800 1030 919 1097 adduci
945 1055 1057 1116 possu-

33 1136 118 1189 mus
136 1116 191 1196 (de
216 1136 268 1177 me
290 1118 378 1177 enim
400 1116 561 1194 conjicis)
586 1118 708 1178 relictis
730 1127 766 1178 ut
788 1117 886 1179 rebus
907 1119 1057 1181 omnibus

33 1211 67 1261 te
91 1211 269 1269 sectemur,
289 1209 323 1261 te
346 1200 544 1261 audiamus:
566 1202 615 1261 ita
638 1200 677 1261 de
702 1201 838 1262 horridis
861 1202 960 1263 rebus
981 1180 1056 1265 ndi-

33 1284 89 1354 da,
104 1283 147 1344 de
167 1280 301 1361 jejunis
313 1282 421 1363 plena,
442 1284 483 1345 de
504 1285 706 1363 pervulgatis
727 1302 815 1345 nova
836 1284 986 1365 quaedam
1008 1295 1057 1348 est

35 1368 145 1429 oratio
160 1376 228 1428 tua

78 1449 215 1513 Faciles
230 1451 328 1521 enim,
349 1451 463 1529 inquit,
478 1451 609 1521 Antoni,
630 1460 743 1532 partes
758 1470 806 1512 ecc
828 1450 960 1513 fuerunt
975 1451 1057 1522 duae,

37 1554 122 1614 quas
145 1533 242 1595 modo
256 1535 454 1613 percucurri,
469 1534 524 1594 vel
539 1536 647 1614 potius
664 1535 756 1615 paene
773 1536 923 1614 praeterii,
939 1535 1056 1597 Latine

37 1617 205 1697 loquendi,
227 1617 389 1697 planeque
411 1617 559 1678 dicendi:
581 1619 715 1696 reliques
740 1629 815 1679 sunt
838 1638 977 1696 magnae,
999 1620 1057 1680 im·

37 1703 182 1784 plicatae,
197 1702 309 1771 variae,
330 1720 458 1778 graves,
472 1701 590 1780 quibus
604 1703 709 1762 omnis
731 1702 902 1763 admiratio
925 1704 1058 1781 ingenii,

36 1787 147 1847 omnis
176 1786 249 1845 laus
274 1784 477 1863 eloquentia,
503 1787 697 1846 continetur.
756 1785 862 1847 Nemo
888 1788 975 1848 enim
999 1807 1058 1848 un·

37 1889 141 1949 quam
163 1877 213 1931 est
242 1878 415 1940 oratorem,
437 1868 521 1948 quod
552 1868 670 1931 Latine
699 1869 894 1949 loqueretur,
916 1871 1057 1931 admira·

38 1965 101 2018 tus
148 1953 184 2016 Si
207 1964 256 2015 est
277 1955 385 2025 aliter,
407 1953 563 2025 irrident3
585 1970 690 2032 neque
707 1974 782 2016 eum
803 1963 965 2015 oratorem
986 1963 1058 2014 tan-

19 2032 218 2108 'tummoua
247 2037 304 2098 sed
333 2037 498 2099 hominem
525 2057 590 2098 nou
619 2046 746 2116 putant.
805 2036 911 2099 Nemo
941 2038 1058 2100 extulit

37 2142 116 2187 eum
131 2121 251 2193 verbis,
273 2123 329 2201 qui
351 2124 399 2183 ita
417 2121 560 2192 dixisset,
575 2130 620 2191 ut,
640 2123 695 2199 qui
715 2122 876 2194 adessent,
897 2123 1057 2200 intellige·

38 2216 112 2269 rent
140 2204 217 2283 quid
240 2205 384 2277 diceret;
417 2204 474 2266 sed
499 2207 673 2266 contemsit
701 2226 786 2278 eum,
811 2208 866 2286 qui
891 2207 998 2268 minus
1024 2206 1058 2269 id

37 2289 153 2352 facere
173 2291 341 2369 potuisset.

80 2373 119 2435 In
135 2392 201 2453 quo
215 2373 315 2450 igitur
330 2371 477 2434 homines
492 2370 747 2434 exhorrescuntl
770 2392 866 2452 quem
882 2373 1058 2456 stupefacti

39 2456 208 2519 dicentem
229 2453 420 2518 intuentur?
443 2457 476 2517 in
499 2475 563 2534 quo
585 2454 796 2517 exclamanti
820 2477 917 2536 quem
940 2456 1059 2528 Deum,

38 2551 76 2603 ut
90 2543 141 2602 ita
154 2540 273 2610 dicam,
288 2540 372 2601 inter
386 2539 534 2601 homines
556 2536 700 2619 putanti
744 2539 811 2614 Qui
827 2540 987 2609 distincte,
1002 2542 1057 2618 qui

38 2623 216 2705 explicate,
236 2625 291 2701 qui
315 2622 529 2693 abundanter,
554 2625 609 2701 qui
635 2623 817 2684 illuminate
844 2632 877 2685 et
902 2623 1000 2684 rebus
1026 2629 1060 2683 et

38 2709 152 2770 verbis
166 2706 289 2778 dicunt,
303 2717 337 2769 et
359 2708 393 2768 in
414 2707 484 2786 ipsu
498 2708 645 2768 oratione
661 2707 756 2785 quasi
769 2706 932 2785 quendam
947 2725 1059 2767 uume-

40 2812 114 2854 rum
142 2808 337 2868 versumque
363 2790 559 2851 conficiunt:
582 2791 615 2851 id
638 2789 804 2869 estquod
830 2790 911 2863 dico,
934 2788 1063 2852 ornate.¹

6 2864 8 2899 ²
39 2875 109 2951 Qui
126 2874 214 2935 idem
230 2875 277 2935 ita
292 2873 511 2944 moderantur,
526 2884 562 2934 ut
575 2893 694 2945 rerum,
709 2884 746 2934 ut
765 2892 977 2953 personarum
993 2873 1060 2952 dig·

39 2960 164 3020 uitiatas
179 2958 297 3028 ferunt,
308 2958 331 3017 ii
345 2967 421 3018 sunt
435 2958 471 3018 in
485 2977 524 3017 eo
539 2977 659 3034 genere
675 2956 832 3019 laudandi
847 2958 963 3030 laudis,
974 2957 1060 3037 quod

41 3063 104 3121 ego
120 3053 237 3121 aptum
252 3049 286 3101 et
300 3059 482 3118 congruens
499 3044 639 3101 nomino.
764 3054 776 3065 ”

83 3126 155 3202 Qui
177 3118 226 3185 itt
239 3124 395 3195 dicerent,
410 3143 466 3185 eos
487 3126 623 3202 negavit
645 3123 752 3185 adhuc
774 3125 944 3186 sevidisse
961 3125 1060 3185 Anto·

42 3213 136 3280 uius;
160 3218 193 3269 ct
209 3209 248 3268 iis
263 3206 324 3269 hoo
339 3226 458 3269 nomeu
473 3207 554 3268 dixit
576 3208 768 3285 eloquentiae
783 3208 860 3268 solis
875 3226 946 3267 osse
960 3207 1060 3269 tribu·

43 3294 175 3356 endum.
219 3289 333 3366 Quare
349 3310 462 3351 omnes
476 3293 564 3361 istos
579 3310 630 3351 me
646 3289 945 3361 auctore,deridete
961 3302 1060 3369 atque

43 3375 253 3445 contemnite,
268 3376 323 3453 qui
338 3393 373 3435 sc
387 3374 512 3445 horum,
527 3374 583 3453 qui
595 3393 681 3433 nunc
696 3374 745 3433 ita
759 3373 977 3453 appellantur,
988 3374 1060 3437 rh'd·

43 3470 152 3524 torum
175 3458 348 3539 praecptis
363 3477 493 3519 omnem
515 3465 680 3518 oratorum
703 3457 771 3517 vim
788 3457 974 3537 complexos
988 3478 1060 3521 esse

44 3544 256 3613 arbitrantur,
272 3560 377 3619 neque
394 3539 511 3611 adhuc,
525 3558 624 3619 quam
646 3557 820 3618 personam
842 3550 986 3613 teneant,
1001 3549 1060 3602 aut

45 3628 122 3709 quid
147 3625 372 3707 profiteantur,
395 3623 577 3702 intelligere
599 3632 783 3701 potueruut.
829 3622 951 3685 Verum
973 3625 1061 3685 enim

47 3730 126 3775 vero
148 3711 279 3779 oratori,
294 3717 455 3788 quaesunt
477 3710 510 3768 iu
526 3705 693 3768 hominum
707 3707 784 3778 vita,
798 3706 1061 3786 quandoquidem

46 3797 79 3860 in
92 3795 133 3859 ed
146 3801 298 3857 versatur
312 3800 431 3861 orator,
445 3800 544 3869 atque
559 3810 601 3852 ea
615 3798 665 3852 est
679 3790 711 3852 ei
732 3790 883 3866 subjecta
896 3788 1061 3860 materies,
