2452 4290
359 395 400 437 na
421 395 563 437 camora
583 395 672 437 umen
692 394 812 439 raruos.
1052 383 1091 441 ol

17 626 18 629 Ἴ
69 554 199 626 patrem
230 545 303 623 ejus
331 544 381 625 (ut
407 542 506 619 soles)
531 543 670 606 dIcendo
691 563 714 606 a
738 545 875 607 mortuis
901 544 1094 621 excitissen

17 634 18 637 ’
70 631 245 691 statuisses
261 639 339 690 ante
356 629 486 689 oculos:
510 628 700 708 complexus
718 639 805 690 esset
828 629 933 692 filium
949 629 1093 710 flensque

70 733 145 775 eum
176 714 396 776 centumviris
425 712 703 774 commendasset:
733 714 869 794 lapides
898 713 1094 788 mehercule,

70 818 184 860 omnes
199 798 281 860 flere
296 819 337 859 ac
354 797 530 858 lamentari
557 799 726 876 coegisset,
747 807 785 859 ut
807 809 912 860 totum
936 800 1028 871 illud,
1049 800 1096 861 uti

71 883 186 964 lingua
202 886 427 965 nuncupasset,
442 900 505 942 non
521 882 553 941 in
570 880 638 943 XII.
654 881 786 954 tabulis,
802 902 884 962 quas
895 894 932 945 tu
944 884 1095 946 omnibus

71 968 280 1030 bibliothecis
296 967 478 1048 anteponis,
488 966 545 1027 sed
561 968 595 1027 in
610 969 760 1045 magistri
772 969 927 1042 carmice,
938 971 1095 1049 scriptum

71 1052 249 1113 videretur.
741 1062 746 1071 “

112 1136 229 1198 LVIII.
254 1134 345 1197 Nam
370 1134 456 1214 qudd
481 1135 635 1196 inertiam
661 1155 800 1197 accusas
825 1135 1095 1213 adolescentium,

70 1222 126 1299 qui
156 1223 258 1282 istam
287 1229 404 1289 artem,
433 1221 574 1300 primum
603 1217 806 1292 facillimam,
832 1241 898 1283 non
917 1222 1095 1293 'ediscant3

70 1325 144 1384 quae
160 1306 261 1384 quam
277 1306 319 1365 sit
334 1304 451 1375 facilis
466 1303 514 1365 illi
530 1303 680 1375 viderint,
691 1306 747 1383 qui
762 1306 834 1382 ejus
849 1307 929 1366 artis
941 1326 1095 1384 arrogan-

70 1391 126 1461 tia,
142 1392 238 1468 quasi
251 1387 445 1450 difficillima
464 1390 516 1458 sit,
539 1389 588 1448 ita
609 1388 740 1449 suanxi
764 1388 956 1461 ambulant3
978 1389 1095 1452 deinde

15 1508 16 1521 κ
71 1476 177 1535 etiam
191 1476 315 1554 tuipse
332 1472 462 1544 videris,
476 1473 532 1551 qui
548 1492 623 1533 eam
639 1470 747 1533 artem
758 1472 904 1541 ,facilem
919 1492 991 1535 esse
1006 1473 1096 1546 dicis,

71 1577 173 1637 quam
189 1557 344 1619 concedis
355 1556 463 1618 adhuc
477 1565 585 1618 artem
607 1554 741 1618 omnino
765 1577 831 1618 non
853 1576 934 1627 esse,
959 1557 1017 1619 sed
1039 1558 1096 1619 ali-

15 1660 16 1665 *
70 1642 216 1723 quando,
240 1643 269 1703 si
293 1643 367 1721 quis
390 1642 491 1702 aliam
517 1650 622 1703 artem
648 1641 806 1714 didicerit,
828 1651 866 1703 ut
888 1641 974 1703 hanc
990 1651 1097 1703 artem

14 1726 17 1801 f
71 1726 206 1788 efficere
221 1727 333 1808 possit,
345 1735 418 1786 tum
440 1745 512 1786 esse
536 1725 631 1787 illam
654 1734 759 1787 artem
783 1725 948 1788 futuram:
970 1726 1097 1800 deiude,

70 1810 159 1890 quod
175 1812 219 1873 sit
233 1811 332 1891 plena
341 1810 584 1872 delectationis:
608 1811 641 1871 in
653 1810 788 1889 quesibi
800 1813 972 1873 remittunt
984 1830 1098 1872 omnes

70 1896 173 1957 istam
197 1896 414 1976 voluptatem,
430 1906 462 1956 et
478 1895 515 1955 ed
532 1914 567 1953 se
583 1914 698 1956 carere
721 1897 912 1975 patiuntur3
936 1915 996 1956 nec
1012 1896 1097 1975 quis·

70 2000 176 2061 quam
191 1989 242 2042 est
259 1999 381 2053 eorum,
396 1981 461 2058 qui,
475 1980 503 2039 si
514 1980 587 2057 jam
602 1981 644 2039 sit
662 1978 872 2041 ediscendum
887 1978 950 2040 sibi
965 1978 1098 2058 aliquid,

70 2085 138 2127 non
153 2065 323 2126 Teucrum
338 2062 476 2126 Pacuvii
491 2064 595 2135 malit,
605 2064 702 2142 quam
714 2061 918 2125 Manilianas
929 2064 1097 2126 venalium

72 2148 322 2211 vendendorum
337 2149 438 2226 leges
453 2147 607 2209 ediscere.
653 2147 740 2208 Tum
755 2157 868 2211 autem
884 2147 969 2228 quod
984 2168 1096 2211 amore

71 2235 191 2316 patriae
207 2253 323 2295 censes
338 2252 397 2294 nos
411 2240 595 2294 nostrorum
610 2233 772 2309 majorum
784 2234 920 2296 inventa
935 2233 1029 2294 nbsse
1044 2232 1099 2294 de·

71 2318 174 2391 bere;
198 2338 264 2378 non
286 2317 387 2389 vides
408 2327 541 2378 veteres
563 2318 655 2393 leges
677 2326 735 2377 aut
758 2320 828 2398 Ipsi
849 2319 908 2379 sub
930 2326 1098 2380 vetustate

71 2404 295 2474 consenuisse,
311 2411 369 2464 aut
383 2403 477 2463 novis
489 2401 618 2479 legibus
630 2420 701 2462 esse
713 2400 884 2464 sublatas?
907 2401 1005 2478 Quod
1019 2400 1099 2462 verb

62 2489 161 2549 'viros
177 2486 282 2548 bonos
301 2488 377 2564 jure
400 2487 490 2547 civili
514 2485 586 2546 fieri
608 2494 716 2565 putas,
731 2488 810 2565 quia
825 2485 953 2565 legibus
969 2494 1002 2546 et
1017 2505 1099 2566 prae-

70 2573 142 2633 mia
157 2572 329 2653 proposita
351 2572 415 2631 sint
438 2569 615 2631 virtutibus
637 2578 681 2638 et,
694 2572 856 2651 supplicia
877 2571 986 2640 vitiis;
1009 2571 1099 2648 equi·

70 2655 149 2718 dem
175 2654 347 2736 putabam,
370 2657 526 2716 virtutem
548 2652 735 2715 hominibus
757 2654 798 2733 (si
820 2653 916 2715 modb
939 2651 1025 2714 tradi
1047 2672 1099 2715 ra-

70 2743 163 2802 tione
179 2739 295 2820 possit)
313 2739 511 2802 instituendo
527 2747 561 2800 et
575 2737 813 2819 persuadendo,
823 2756 888 2798 non
903 2737 1000 2798 minis
1015 2748 1049 2800 et
1064 2739 1099 2800 vi

70 2846 112 2887 ac
136 2833 241 2896 metu,
264 2823 359 2885 tradi.
404 2822 494 2885 Nam
508 2824 616 2904 ipsum
639 2821 771 2902 quidem
793 2822 882 2893 illud,
904 2823 1006 2885 etiam
1028 2823 1098 2884 sine

70 2909 263 2988 cognitione
281 2910 376 2987 juris,
397 2908 494 2987 quam
510 2909 552 2968 sit
566 2907 691 2968 bellum
714 2929 833 2970 cavere
856 2908 991 2979 malum,
1014 2909 1098 2971 solre

70 3012 260 3075 possumus.
305 2992 423 3055 Deme
440 3003 553 3054 autem
568 2993 648 3073 ipso,
663 2994 718 3054 cui
732 2995 790 3056 uni
811 3002 848 3055 tu
871 2992 1031 3065 concedis,
1052 3001 1099 3065 ut,

71 3081 145 3140 sine
162 3078 233 3138 ulla
249 3078 334 3156 juris
350 3078 494 3150 seientia,
509 3086 621 3138 tamen
637 3080 746 3140 causis
761 3079 953 3140 satisfacere
968 3078 1099 3158 possim,

71 3163 136 3226 tibi
151 3161 225 3234 hoc,
240 3161 368 3233 Crasse,
383 3161 572 3243 responden,
586 3182 693 3241 neque
708 3183 760 3225 me
773 3174 919 3242 unquam
930 3164 986 3239 jus
1001 3160 1099 3223 civile

72 3247 239 3318 didicisse,
253 3266 359 3325 neque
374 3255 497 3318 tamen,
512 3247 546 3307 in
560 3247 601 3307 iis
617 3249 726 3308 causIs
741 3265 823 3325 quas
835 3249 868 3305 in
879 3247 954 3322 jure
969 3263 1100 3324 possem

73 3330 261 3403 defendere,
277 3349 422 3409 unquam
437 3332 535 3392 istam
550 3331 724 3391 scientiam
747 3327 954 3388 desiderasse.
1000 3326 1100 3388 Aliud

73 3426 127 3479 est
151 3417 249 3487 enim,
270 3435 342 3477 esse
358 3416 521 3477 artificem
542 3412 714 3492 cujusdam
737 3413 866 3489 generis
888 3419 987 3489 atque
1011 3412 1100 3482 artis

74 3500 171 3563 aliud
186 3500 221 3561 in
236 3502 401 3562 communi
416 3501 485 3562 vita
497 3508 530 3562 et
541 3498 674 3576 vulgari
686 3495 854 3558 bominum
866 3493 1099 3556 consuetudine

75 3606 139 3648 nec
155 3583 309 3646 hebetem
324 3605 384 3647 nec
400 3584 524 3646 rudem.
570 3582 633 3644 Cui
647 3583 794 3644 nostrilm
808 3581 965 3644 nonlicet
983 3579 1100 3640 fundos

75 3679 206 3732 nostros
222 3669 322 3741 obire,
337 3679 397 3732 aut
412 3690 464 3730 res
479 3669 629 3740 rusticas
644 3669 699 3730 vel
713 3667 838 3729 fructus
862 3665 962 3727 causa
977 3661 1031 3726 vel
1047 3663 1100 3725 de·

76 3756 276 3826 lactationis,
291 3752 456 3816 invisere?
480 3762 594 3814 tamen
608 3773 705 3815 nemo
719 3762 790 3814 tam
805 3753 875 3813 sine
898 3749 1009 3821 oculis
1031 3759 1099 3809 tam

78 3841 150 3901 sine
166 3850 278 3901 mente
294 3840 387 3911 vivit,
402 3848 449 3911 ut,
469 3836 546 3916 quid
567 3839 612 3899 sit
635 3838 792 3901 sementis
814 3854 854 3897 ac
877 3835 1001 3907 messis,
1023 3833 1098 3913 quid

1108 1112 1131 1152 d
