2444 4276
105 356 170 416 228
493 366 701 409 norm-nm.
719 366 745 423 r,

107 534 162 569 rum
181 518 285 579 copiam,
299 516 320 563 si
339 515 436 577 quando
448 530 508 576 opus
519 515 572 569 erit,
585 530 600 560 a
614 512 666 563 viro
684 512 736 561 istis
752 512 822 561 rebus
840 512 1033 563 instructissimo
1050 520 1136 561 orator
1191 510 1192 515 ’

107 586 198 634 reetim
210 580 376 631 mutuabitur:
392 595 466 642 quem
478 579 505 627 in
516 579 614 627 actione
625 577 722 639 quidem
733 577 801 639 qnasi
811 580 937 640 quendam
947 576 1068 625 Roscium
1078 592 1134 624 esse

108 650 195 697 debers
206 662 300 710 quoque
312 662 360 693 non
377 654 444 708 puto.
478 643 574 700 Orator,
587 649 615 691 ut
631 645 696 691 brevi
710 659 762 692 rem
774 644 910 698 absolvam,
923 644 954 691 sit
966 642 1036 689 nobis
1047 643 1076 699 is,
1089 642 1136 704 qui
1192 664 1193 711 ᾗ

108 712 288 761 accommodate
297 712 331 758 od
340 708 542 774 persuadendum
550 710 631 771 possit
644 707 725 757 dicere
730 723 740 763 ,·
757 708 801 755 sed
813 709 975 756 concludatur
987 708 1013 755 in
1026 724 1065 763 ea,
1076 723 1134 770 qua·
1192 718 1193 725 ¹

109 778 204 827 suntin
216 794 261 825 usu
273 776 404 826 civitatum
416 774 510 838 vulgari
528 790 558 822 ac
570 772 666 829 lorensi,
678 774 824 833 remotisque
835 774 929 821 certeris
940 772 1033 830 studiis,
1044 789 1135 834 quam·

108 846 147 892 vis
162 843 292 906 praeclaris,
304 840 329 888 in
349 843 395 889 hoc
413 856 462 888 uno
479 854 551 901 opere
562 844 649 886 noctes
661 845 686 887 et
701 840 755 887 dies
772 846 896 896 remotum
913 839 1076 899 caeterurnin
1087 844 1136 886 sud

109 917 161 956 arte
175 907 347 955 Demosthenis
359 905 470 967 exemplo
482 919 535 952 sese
547 910 668 952 exerceat

143 1034 208 1083 Sect.
220 1034 260 1082 57.
284 1030 462 1096 Agnoscendo]
497 1030 536 1096 By
547 1031 590 1079 the
598 1030 661 1079 birth
673 1032 701 1079 of
709 1045 725 1079 a
738 1029 804 1079 child
815 1031 879 1080 aster
889 1031 931 1079 the
943 1029 1046 1095 making
1054 1031 1083 1079 ol
1092 1031 1137 1079 tha
1193 1096 1194 1099 Ἴ

109 1119 165 1167 will.

142 1203 186 1253 Ad
197 1202 357 1251 Hostilianas
369 1208 392 1249 te
403 1200 524 1261 actiones]
558 1199 615 1247 The
626 1203 642 1227 ‘⁶
650 1196 770 1247 Actiones
777 1199 954 1258 Hootitiene,”
963 1215 1029 1248 were
1038 1197 1136 1248 certain

109 1288 174 1352 legal
187 1289 264 1336 forms
276 1302 302 1334 or
313 1286 459 1349 precedente
470 1284 586 1348 prepared
597 1285 630 1346 by
642 1282 771 1342 Hostilius,
783 1300 798 1332 a
809 1285 909 1346 lawyer.

146 1371 190 1420 Uti
205 1372 296 1435 lingua
314 1368 494 1435 nuncupaturi]
527 1368 584 1417 The
601 1369 725 1432 language
744 1369 772 1415 ol
789 1369 831 1416 the
848 1370 897 1417 law
915 1383 967 1417 was
984 1369 1024 1417 uti
1042 1369 1137 1432 lingua

109 1461 279 1520 nuncuparet
290 1456 327 1503 ita
339 1456 387 1517 jue
398 1461 450 1503 esto
456 1469 466 1509 ,·
484 1451 604 1516 directing
615 1454 671 1501 that
681 1453 724 1501 the
737 1453 862 1517 language
873 1454 902 1502 ol
915 1459 1049 1512 connects,
1061 1454 1137 1511 wills,

111 1540 168 1597 dac,
180 1540 269 1589 should
280 1539 311 1587 be
322 1539 418 1601 strictly
429 1536 586 1600 interpreted.

143 1624 177 1673 In
189 1624 307 1687 magistri
318 1622 436 1683 carmine]
471 1621 526 1670 The
542 1621 627 1670 offieer
643 1620 700 1669 who
717 1621 902 1684 superintended
919 1622 962 1670 tbe
979 1621 1062 1684 public
1080 1623 1137 1670 sale

109 1710 138 1757 of
149 1709 233 1773 goods,
242 1723 296 1756 was
308 1706 387 1756 called
399 1704 533 1770 Magister.
568 1703 708 1753 Camenis
720 1705 763 1753 the
774 1706 837 1754 form
848 1708 877 1754 of
891 1695 1039 1755 words'uaed
1052 1712 1079 1754 at
1090 1707 1137 1755 the
1194 1692 1195 1713 i

109 1793 169 1850 sale,
180 1808 207 1841 or
219 1807 248 1840 aa
259 1790 390 1841 Turnebus
401 1805 528 1855 supposes,
540 1790 583 1839 tha
594 1789 785 1839 advertisenrent
796 1789 882 1856 giving
892 1790 973 1840 notice
984 1793 1012 1840 of
1020 1791 1063 1841 the
1075 1806 1138 1841 auc·

109 1875 170 1926 tion.

143 1961 210 2009 Sect
222 1961 261 2010 58.
286 1961 330 2010 Ito
342 1958 444 2009 saboim
461 1958 601 2020 ambulant]
636 1957 707 2008 Elati
718 1965 744 2007 et
760 1965 910 2023 arrogantes,
921 1960 989 2022 qnasi
1005 1974 1058 2008 rem
1069 1958 1137 2009 diffi-

110 2044 228 2094 cillimam
239 2052 359 2094 tenerent

144 2129 184 2178 Dc
195 2145 222 2179 re
234 2130 300 2194 ipra]
335 2128 363 2177 Si
374 2129 404 2178 de
421 2128 501 2192 aliquo
519 2134 586 2178 certo
597 2127 696 2193 negotio
708 2134 734 2177 et
749 2127 799 2176 suis
811 2127 1004 2177 circumstantiis
1021 2126 1137 2193 alligato,
1195 2146 1196 2199 ᾗ

110 2214 175 2278 quod
186 2214 284 2277 proinde
295 2212 417 2262 difficilius
429 2220 474 2261 est.

145 2297 210 2346 Cum
221 2300 249 2345 in
259 2313 311 2345 rem
319 2304 460 2362 merentem
471 2312 520 2346 noa
531 2296 653 2359 achimae]
688 2297 771 2346 When
783 2312 822 2347 we
830 2297 896 2345 bave
907 2303 951 2345 not
960 2297 1087 2347 omselres
1098 2298 1137 2346 in.

110 2384 210 2447 spected
222 2383 264 2431 the
275 2381 419 2431 boundaries
430 2381 457 2430 in
468 2381 588 2446 question.

143 2465 384 2532 Perstriptionibue]
417 2466 582 2531 Perecriptio,
599 2472 636 2516 est
653 2466 765 2516 omnium
781 2481 867 2516 earum
884 2482 966 2516 rerum
982 2482 1036 2530 quas
1052 2465 1136 2517 literis

111 2551 296 2617 consignantur,
308 2554 334 2601 in
345 2553 444 2601 codices
455 2554 600 2610 referuntur,
612 2552 653 2599 oeri
664 2549 813 2602 inciduntur.

146 2637 290 2700 Contortae]
325 2637 469 2700 Implicatas
482 2643 507 2685 et
518 2638 642 2685 obscures.

145 2723 211 2771 Sea
223 2722 263 2771 59.
286 2722 415 2785 Egerunt]
450 2720 595 2771 Emiserunt·
605 2721 753 2770 contentius.

143 2807 262 2857 Peonem
274 2813 320 2854 out
331 2806 485 2868 Marionem]
519 2807 624 2857 Constat
635 2813 689 2855 tum
700 2805 819 2855 Pernam
829 2813 884 2855 turn
897 2805 1041 2855 Murranum
1056 2807 1137 2856 luisse

111 2891 227 2947 Cantica,
239 2891 280 2939 vel
296 2892 409 2953 quedam
423 2890 545 2941 cantionis
562 2906 660 2954 genera,
678 2891 763 2953 quibus
781 2890 818 2940 usi
835 2899 894 2940 sunt
906 2891 995 2948 Greci,
1008 2897 1137 2943 uteorum

110 2991 156 3037 ope
173 2989 260 3023 vocem
278 2989 351 3022 suam
371 2975 403 3022 ab
420 2974 565 3023 acutissimo
582 2991 642 3024 sono
659 2991 735 3038 usque
753 2975 784 3024 ad
801 2976 972 3040 gravissimum
992 2976 1137 3039 reciperent

111 3059 168 3109 Hoc
180 3057 221 3121 qui
232 3057 375 3117 effecerunt,
388 3059 503 3108 dicuntur
514 3076 530 3108 a
538 3059 658 3110 Cicerone
671 3062 749 3109 citare
761 3060 880 3110 Poeonem
892 3069 936 3110 aut
948 3058 1101 3110 Maronem.

143 3144 314 3208 Pragmatici]
348 3144 539 3209 Pragmatieus,
547 3144 610 3209 juris
623 3145 725 3207 peritus,
736 3152 861 3195 oratorum
873 3145 989 3195 minister.

144 3229 210 3279 Sect.
223 3228 262 3278 60.
287 3229 405 3279 Fortasse
417 3231 493 3278 etium
507 3232 620 3293 pecunie
635 3230 822 3294 magnitudine]
856 3230 920 3279 Vide
930 3246 962 3278 ne
973 3246 1031 3293 opes
1048 3238 1074 3280 et
1085 3233 1135 3281 for·

110 3320 172 3362 tuna
184 3314 242 3362 felix
253 3314 278 3364 id
289 3314 384 3364 facient
395 3321 420 3364 et
432 3321 585 3365 senectutem
598 3316 695 3367 facilius
708 3332 723 3364 a
735 3316 864 3364 solitudine
875 3314 1009 3365 vindicent.

146 3398 246 3457 Quanto
252 3396 362 3459 facilius
372 3414 418 3448 που
425 3416 474 3448 non
485 3400 571 3448 laxare
579 3399 672 3462 modos]
707 3400 785 3450 Pedes
794 3416 825 3449 ac
836 3415 950 3449 numeras
958 3399 1074 3448 orationis
1081 3414 1135 3449 non

110 3489 210 3530 tantum
226 3481 342 3532 lentiores
354 3491 380 3532 et
396 3483 526 3534 solutiores
537 3487 620 3533 facere
632 3500 676 3533 nos
692 3500 831 3548 possumus,
843 3482 893 3548 qui,
904 3493 933 3533 ut
949 3487 1029 3548 peste
1040 3490 1066 3532 et
1082 3485 1134 3534 his·

110 3565 210 3624 triones,
221 3566 331 3615 numeris
343 3567 417 3616 certis
429 3585 459 3617 ac
472 3570 549 3617 modis
560 3569 674 3618 adstricti
685 3585 735 3618 non
746 3586 848 3633 sumus3
864 3571 907 3618 sed
923 3576 1002 3619 totam
1013 3568 1134 3619 orationis

110 3647 328 3697 conformationem
340 3657 436 3699 mutare
448 3652 478 3700 ad
490 3653 625 3702 levandum
637 3653 735 3703 dicendi
747 3656 861 3704 laborem.

143 3729 208 3777 Sect.
222 3730 259 3777 61.
284 3731 318 3779 Id
335 3731 400 3793 qood
416 3734 730 3799 ejuescriptodeelorant]
764 3740 834 3789 That
849 3739 1013 3804 hiswritings
1029 3738 1132 3788 contrua

108 3808 205 3870 periodo
215 3826 243 3859 so
260 3814 326 3876 long,
343 3815 399 3863 that
414 3822 440 3865 to
450 3832 590 3881 pronounce
606 3821 683 3880 thern,
703 3821 724 3871 it
739 3822 762 3872 is
779 3838 912 3890 necessary
928 3825 984 3874 that
1000 3824 1044 3873 the
1060 3825 1132 3877 voice
