2434 4286
325 390 365 431 ns
385 387 527 430 orarorn
546 387 636 429 raras
657 384 821 428 murnum.
1024 365 1085 424 125

62 538 213 603 scurrile.
258 535 348 615 Ergo
363 535 443 606 haec,
459 554 532 614 quae
548 533 666 596 cadere
683 539 818 615 possunt
840 531 874 592 in
896 548 977 609 quos
991 526 1085 602 nolis,

62 624 218 705 quamvis
233 623 298 682 sint
315 622 412 692 bella,
427 629 503 681 sunt
515 629 625 680 tamen
638 619 708 698 ipso
720 636 840 695 genere
854 615 1013 675 scurrilia.
1040 613 1085 676 Ut

63 709 135 780 iste,
150 708 209 785 qui
224 726 259 766 se
275 706 347 766 vult
362 704 520 774 dicacem,
536 713 578 773 et,
593 702 790 772 mehercule,
806 710 865 771 est,
881 700 1017 779 Appius,
1028 695 1085 759 sed

63 809 303 870 nonnunquam
318 791 352 849 in
366 788 428 849 hoc
439 790 558 850 vitium
569 786 704 847 scurrile
717 784 889 846 delabitur.
939 780 1085 854 Cenabo,

64 876 181 955 inquit,
196 873 284 955 apud
298 882 334 944 te,
346 871 422 934 huic
438 873 529 933 lusco
544 869 702 932 familiari
726 889 808 940 meo,
823 867 858 930 O.
872 867 1005 928 Sextio:
1028 886 1085 926 unc

63 960 147 1020 enim
174 959 275 1019 locum
300 977 364 1017 erse
386 955 483 1017 uideo.
527 954 588 1017 Est
611 953 673 1015 hoc
697 954 843 1024 scurrile,
858 962 891 1013 et
907 950 991 1031 quod
1016 952 1085 1013 sine

65 1044 168 1105 causa
182 1042 360 1112 lacessivit,
376 1050 537 1101 ettamen
552 1038 584 1100 id
600 1039 691 1110 dixit,
702 1037 787 1116 quod
802 1039 836 1097 in
852 1055 965 1097 ornnes
978 1035 1086 1099 luscos

65 1128 267 1188 conveniret.
312 1123 374 1196 Ea,
400 1126 478 1203 quia
503 1123 663 1184 meditata
687 1132 847 1203 putantur
872 1140 954 1191 esse,
979 1120 1086 1181 minus

64 1211 223 1272 ridentur.
267 1209 350 1290 Illud
365 1209 535 1287 egregium
548 1207 660 1279 Sextii,
672 1216 705 1268 et
717 1225 758 1267 ex
773 1216 940 1285 tempore:
963 1200 1086 1264 Munus
1111 1192 1203 1309 sps*-

65 1295 148 1366 Ιαυα,
162 1294 278 1373 inquit,
293 1302 321 1353 et
335 1312 431 1353 crena.
534 1344 539 1363 ,

108 1379 282 1458 Temporis
297 1378 398 1454 igitur
411 1361 506 1447 itha,
522 1385 555 1437 et
570 1376 672 1456 ipsius
695 1372 882 1435 dicacitatis
905 1370 1085 1434 moderatio

65 1473 99 1525 et
113 1462 347 1544 temperantia,
361 1469 394 1521 et
408 1462 527 1521 raritas
542 1460 711 1528 dictorum,
726 1458 907 1534 distinguet
922 1463 1086 1517 oratorem

23 1595 29 1607 .
67 1566 88 1608 a
103 1546 240 1616 scurrd3
256 1553 298 1614 et,
313 1543 398 1622 quod
413 1564 556 1605 nuscum
571 1544 670 1604 causi
684 1542 831 1610 dicimus,
846 1561 909 1602 non
922 1548 959 1600 ut
969 1539 1085 1602 ridicu-

65 1629 284 1700 livideamur,
290 1626 348 1690 sed
358 1635 394 1688 ut
403 1626 616 1707 proficiamus
628 1624 761 1706 aliquid,
768 1624 801 1687 id
811 1625 860 1686 illi
869 1634 976 1689 totum
990 1624 1086 1697 diem,

66 1724 99 1775 et
114 1714 187 1774 sine
204 1712 313 1773 causi.
357 1710 446 1787 Quid
468 1714 556 1773 enirn
571 1720 622 1773 est
644 1711 795 1788 Vargula
810 1719 989 1779 assecutus
1011 1711 1086 1770 cum

66 1818 144 1859 eum
160 1795 354 1858 candidatus
369 1796 408 1856 Ar
422 1794 642 1876 Sempronius,
658 1815 733 1856 curn
746 1793 792 1855 Μ.
805 1813 865 1855 suo
877 1793 987 1864 fratre,
1000 1813 1086 1854 com-

66 1882 186 1963 plexus
202 1889 308 1941 esset:
332 1877 421 1940 Puer
434 1880 527 1961 abige
541 1879 688 1940 muscas?
725 1877 840 1940 Risum
856 1878 1015 1957 quaesivit,
1030 1878 1086 1956 qui

66 1974 125 2036 est,
155 1965 232 2026 med
264 1963 433 2034 sententia,
462 1965 516 2025 vel
545 1964 755 2025 tenuissimus
792 1962 914 2040 ingenii
950 1960 1085 2023 fructus
1155 1964 1159 1979 '

24 2060 27 2065 ’
66 2050 215 2129 Tempus
229 2049 330 2126 igitur
345 2046 483 2119 dicendi,
498 2048 670 2128 prudentia
693 2058 726 2108 et
749 2050 924 2124 gravitate,
939 2045 1086 2107 modera-

66 2132 198 2195 bimur:
220 2151 359 2211 quarum
375 2133 503 2193 utinam
519 2142 625 2193 artem
638 2132 784 2211 aliquam
798 2128 1013 2193 haberemus!
1029 2129 1087 2193 sed

66 2218 203 2280 domina
217 2225 338 2276 natura
352 2227 410 2278 est.

110 2300 196 2363 LXI.
220 2299 318 2360 Nunc
334 2319 534 2379 exponamus
550 2318 673 2376 genera
696 2300 769 2380 ipsa
792 2301 990 2371 summatim,
1013 2319 1086 2379 quae

10 2432 11 2447 .
66 2388 171 2448 risum
184 2384 326 2444 maxime
342 2393 507 2444 moveant.
553 2381 633 2444 Haec
654 2385 755 2460 igitur
766 2386 807 2445 sit
822 2386 928 2464 prima
943 2385 1086 2463 partitio,

66 2469 155 2548 quod
170 2467 279 2529 facete
294 2466 432 2538 dicatur,
447 2467 480 2528 id
495 2467 577 2527 alias
591 2467 626 2527 in
641 2487 675 2528 re
688 2463 810 2536 haberi,
832 2469 912 2528 alias
924 2469 958 2527 in
969 2467 1086 2538 verb0;

67 2553 200 2615 facetiis
216 2562 329 2612 autem
343 2552 485 2613 maxime
501 2551 649 2612 homines
663 2550 831 2622 delectari,
851 2552 877 2610 si
900 2550 1030 2628 quando
1045 2551 1086 2612 ri·
1102 2546 1104 2549 ’

67 2656 125 2698 sus
152 2636 337 2713 conjuncte,
363 2655 398 2696 re
424 2635 596 2712 verboque,
621 2643 803 2708 moveatur.
848 2632 912 2693 Sed
938 2632 999 2694 hoc
1021 2654 1086 2695 me-

66 2729 225 2791 mentote,
239 2739 448 2798 quoscunque
464 2720 552 2781 locos
568 2720 740 2795 attingam,
762 2717 847 2778 unde
871 2717 1009 2779 ridicula
1030 2719 1087 2779 du-

67 2814 199 2875 cantur,
224 2823 266 2864 ex
291 2803 406 2864 iisdem
431 2803 512 2864 locis
541 2802 608 2862 ferd
635 2805 738 2863 'etiam
765 2822 884 2879 graves
909 2803 1087 2864 sententias

66 2909 166 2970 posse
183 2887 279 2948 duci:
302 2889 431 2948 tantum
445 2888 592 2956 interest,
615 2886 700 2965 qudd
723 2887 871 2964 gravitas
887 2885 1031 2948 honestis
1053 2888 1087 2948 in

10 3030 12 3057 =
67 2973 169 3034 rebus
195 2971 318 3042 severe,
339 2973 435 3049 jocus
459 2972 494 3031 in
517 2971 686 3050 turpiculis
709 2983 743 3033 et
764 2973 858 3050 quasi
880 2970 1087 3043 deformibus

68 3057 203 3137 ponitur
216 3078 224 3127 ;
246 3054 338 3116 velut
353 3057 387 3116 in
402 3055 517 3116 iisdem
532 3055 641 3115 verbis
656 3065 689 3116 et
705 3056 841 3116 laudare
857 3055 943 3132 frugi
956 3074 1087 3116 servum

91 3159 253 3207 ossumns
269 3149 312 3210 et,
323 3141 351 3200 si
366 3148 415 3201 est
427 3158 578 3217 nequam,
586 3141 701 3216 jocari.
746 3138 933 3201 Ridiculum
945 3147 994 3199 est
1006 3137 1087 3199 illud

68 3161 301 3286 herculanum
335 3232 429 3284 vetus
458 3224 492 3283 in
521 3222 634 3284 furace
665 3242 768 3293 servo,
799 3221 904 3282 Solum
932 3242 1006 3292 esse,
1035 3221 1088 3282 cui

68 3307 153 3370 dorni
168 3305 251 3369 nihil
269 3305 309 3367 sit
332 3327 387 3367 aec
409 3305 614 3387 obsignatum,
630 3305 870 3366 necocclusum:
892 3305 978 3383 quod
1000 3305 1087 3367 idern

69 3395 103 3454 in
119 3392 205 3452 bono
220 3410 315 3452 servo
330 3391 394 3452 dici
409 3390 510 3462 solem
533 3390 588 3451 scd
605 3389 664 3451 hoc
680 3389 795 3450 iisdem
809 3391 911 3450 etiarn
925 3387 1043 3451 verbis

112 3474 166 3539 Ex
181 3474 296 3536 iisdem
312 3484 424 3535 autem
439 3475 519 3535 locis
533 3472 644 3533 omnia
659 3482 846 3534 nascuntur.
891 3471 981 3536 Nam
1002 3471 1088 3554 quod

10 3622 12 3645 ,
69 3559 126 3640 Sp.
143 3558 297 3628 Carvilio,
321 3560 467 3635 graviter
490 3557 691 3618 claudicanti
715 3577 756 3617 ex
779 3557 914 3619 vulnere
937 3557 978 3619 ob
1004 3578 1086 3620 rem·

69 3643 240 3725 publicam
255 3651 402 3722 accepto,
424 3650 457 3703 et
480 3641 522 3701 ob
545 3661 621 3702 eam
645 3661 782 3702 causam
796 3641 1031 3704 verecundanti
1053 3643 1087 3703 in

72 3726 240 3808 publicum
255 3726 393 3807 prodire,
408 3736 515 3786 mater
530 3723 620 3797 dixit,
638 3723 727 3796 Quin
745 3723 863 3806 prodis,
873 3724 917 3785 nri
931 3724 1038 3805 Spuri,
1053 3735 1088 3787 ut

71 3809 309 3892 quotiescunque
321 3809 461 3890 gradum
465 3807 582 3890 socier,
605 3809 691 3870 toties
712 3808 769 3870 tibi
790 3817 915 3867 tuorum
937 3808 1086 3866 virtutum

552 3892 609 3950 11*
