2434 4286
289 350 330 391 nn
352 349 493 390 oneroso
514 349 612 391 mona
624 338 785 392 monnone.
1005 334 1059 394 95'

26 505 214 565 trosmores
229 497 369 570 induxit,
383 498 438 578 qui
460 497 603 560 maxime
626 498 729 570 aux‘it,
743 499 800 578 qui
823 497 911 560 solus
926 496 1047 562 effecit.

26 582 177 663 Namque
195 603 272 662 ego,
287 582 415 655 Catulo,
432 580 554 663 (dicam
575 583 673 654 enim,
688 603 753 643 non
768 602 924 645 reverens
939 603 1047 647 assen-

25 668 110 729 tandi
132 666 375 750 suspicionem)
393 668 558 728 neminem
574 686 645 727 esse
660 676 824 728 oratorem
846 668 945 748 paulo
959 669 1049 730 illus·

24 755 154 815 triorem
170 753 327 823 arbitror,
342 771 447 830 neque
463 751 616 813 Graeoum
637 771 754 830 neque
767 751 932 825 Latinum,
952 772 1050 832 quern

27 847 100 898 atas
123 846 249 900 nostra
271 837 393 907 tulerit,
408 856 506 917 quem
520 856 585 899 non
601 844 635 897 et
650 837 736 916 saepe
752 845 786 898 et
803 836 977 916 diligenter
992 858 1051 899 au·

27 920 152 985 dierim.'
198 921 325 1002 Itaque,
340 923 367 982 si
391 920 468 1001 quid
491 930 540 983 est
566 922 600 982 in
623 940 687 992 me,
705 921 802 1000 (quod
820 923 894 1001 jam
916 942 1049 1002 sperare

27 1006 143 1078 videor,
160 1005 472 1087 quoniamquidem
487 1024 555 1077 voS,
570 1005 622 1066 his
642 1007 783 1083 ingeniis
800 1000 955 1079 homines,
978 1016 1050 1070 tan·

26 1100 90 1152 tum
105 1111 225 1173 operae
237 1089 319 1152 mihi
334 1090 377 1151 ad
392 1089 592 1152 audiendum
604 1089 702 1168 datis)
717 1110 757 1152 ex
772 1111 811 1152 eo
827 1101 886 1165 est,
902 1091 987 1173 quod
1003 1095 1049 1154 ni·

25 1174 66 1238 hil
80 1178 266 1256 quisquam
277 1194 422 1253 unquam
438 1194 491 1236 me
507 1174 662 1235 audiente
674 1177 742 1253 egit
753 1185 872 1248 orator,
884 1176 971 1256 quod
985 1196 1050 1239 non

24 1260 55 1320 in
76 1262 245 1321 memorii
267 1260 342 1321 meri
364 1260 493 1341 penitus
516 1257 680 1321 insederit.
726 1261 833 1338 Atque
856 1280 918 1337 ego
943 1261 980 1332 is,
995 1263 1051 1340 qui

24 1364 103 1417 sum,
118 1353 401 1425 quantuscunque
425 1362 498 1404 sum
514 1343 557 1404 ad
576 1342 803 1421 judicandum,
818 1345 970 1405 omnibus
994 1365 1050 1406 au-

24 1427 95 1489 ditis
111 1429 316 1500 oratoribus
325 1430 394 1490 sine
410 1429 478 1490 ulla
489 1427 693 1490 dubitatione
706 1431 753 1489 sie
765 1438 875 1490 statuo
885 1437 918 1490 et
928 1428 1051 1507 judico,

24 1514 197 1575 neminem
218 1515 365 1575 omnium
388 1522 436 1574 tot
458 1521 492 1574 et
510 1519 615 1583 tanta,
631 1522 757 1592 quanta
774 1522 858 1586 sunt,
873 1514 908 1574 iu
923 1512 1051 1586 Crasso,

24 1592 183 1659 habuisse
200 1606 396 1659 ornamenta
417 1596 556 1659 dicendi.
599 1596 836 1672 Quamobrem,
851 1600 879 1661 ei
894 1614 952 1659 vos
974 1602 1062 1678 qu0·'

22 1701 81 1762 qne
105 1666 175 1744 hoc
204 1681 293 1745 idem
319 1682 523 1753 existimatis
546 1701 610 1742 non
636 1684 698 1743 erit
716 1684 764 1763 (ut
787 1682 913 1763 opinor)
938 1684 1052 1763 iniqua

21 1769 171 1846 partitio,
184 1768 223 1838 si,
236 1768 310 1828 oiim
326 1786 388 1844 ego
402 1765 489 1827 hunc
504 1775 677 1838 oratorem,
689 1786 787 1846 quem
802 1787 888 1830 nuno
904 1767 1003 1845 tingo,
1014 1775 1051 1828 ut

22 1853 163 1923 institui,
182 1851 304 1922 credro,
320 1851 442 1923 aluere,
454 1850 666 1924 confirmdr03
690 1851 819 1912 tradam
835 1871 912 1913 eum
923 1850 1051 1923 Crasso,

21 1944 52 1998 et
65 1935 295 2007 vestiendum,
311 1943 344 1996 et
358 1933 550 1996 ornandum.
776 1954 784 1963 ·

61 2020 156 2082 Turn
174 2018 323 2091 Crassus
344 2018 397 2080 Tu
410 2019 498 2090 vero,
514 2019 628 2097 inquit,
639 2020 770 2092 Antoni,
785 2039 896 2101 perge,
910 2028 948 2082 ut
962 2021 1051 2083 insti·

21 2106 124 2168 tuisti.
175 2102 295 2183 Neque
311 2105 397 2165 enim
423 2112 473 2165 est
496 2102 572 2165 boni
597 2124 702 2184 neque
728 2104 873 2167 liberalis
894 2108 1051 2186 parentis

22 2208 120 2269 quem
145 2188 330 2271 procredrit
352 2198 385 2250 et
407 2188 565 2259 eduxerit,
580 2209 656 2250 eum
676 2210 741 2251 non
756 2199 789 2252 et
810 2192 932 2252 vestire
947 2201 981 2252 et
1003 2212 1051 2252 or-

20 2294 122 2348 nare3
147 2274 336 2357 praesertim
361 2274 437 2334 cum
462 2282 494 2334 te
519 2272 717 2354 locupletem
740 2295 811 2337 esse
837 2296 960 2354 negare
987 2295 1052 2337 non

20 2361 136 2439 possis.
189 2355 287 2432 Quod
310 2360 397 2443 enim
419 2367 659 2430 ornamentum,
673 2379 745 2439 quae
760 2361 819 2433 vis,
834 2362 890 2439 qui
913 2362 1052 2432 animus,

20 2464 93 2523 quae
108 2442 264 2521 dignitas
287 2442 335 2503 illi
350 2443 471 2504 oratori
492 2441 605 2515 defuit,
620 2444 676 2523 qui
699 2445 847 2505 incausti
869 2444 1053 2525 perorandi

19 2549 85 2590 non
102 2527 279 2589 dubitavit
294 2529 439 2589 excitare
462 2545 555 2588 reum
570 2529 786 2598 consularem,
801 2536 834 2589 et
856 2530 929 2606 ejus
943 2527 1051 2588 dilori-

18 2634 98 2675 care
115 2612 283 2682 tunicam,
298 2620 331 2672 et
347 2610 515 2690 judicibus
530 2613 702 2691 cicatrices
718 2612 876 2673 adversas
891 2613 978 2672 senis
993 2613 1051 2673 im-

9 2697 193 2779 peratoris
207 2693 400 2757 ostenderet
431 2697 487 2774 qui
506 2695 601 2767 idem,
616 2695 677 2758 hoc
694 2706 872 2758 accusante
896 2694 1052 2779 Sulpicio,

18 2785 97 2844 cirrn
122 2781 296 2842 homiuem
318 2780 508 2842 seditiosum
531 2779 752 2859 furiosumque
768 2780 965 2849 defenderet,
984 2803 1051 2843 non

16 2865 196 2943 dubitavit
211 2863 385 2926 seditiones
397 2865 487 2945 ipsas
498 2885 626 2937 ornare,
638 2886 678 2928 ao
694 2866 915 2931 demonstrare
927 2869 1052 2946 gravis·

16 2953 115 3013 simis
131 2948 256 3021 verbis,
272 2948 391 3011 multos
414 2950 501 3030 sape
527 2952 668 3031 impetus
690 2952 803 3032 populi
825 2973 891 3014 non
913 2953 1052 3031 injustos

16 3057 116 3108 esse3
140 3051 228 3114 quos
249 3042 404 3113 prestare
417 3046 529 3096 'nemo
552 3037 676 3116 possit3
703 3037 825 3098 multas
851 3038 952 3099 etiam
975 3057 993 3096 e
1016 3056 1051 3098 re

13 3120 160 3203 publiea
177 3116 354 3179 seditiones
368 3120 455 3201 saepe
471 3138 542 3180 esse
559 3119 675 3191 saetas
690 3130 727 3182 ut
743 3122 817 3182 cum
832 3140 928 3198 reges
943 3134 1052 3181 essent

14 3205 146 3275 exacti,
156 3211 196 3263 ut
208 3204 282 3263 cum
295 3201 471 3265 tribunicia
482 3212 627 3285 potestas
639 3213 725 3266 esset
740 3206 936 3266 constituta:
959 3204 1052 3265 illam

9 3287 181 3353 *Norbani
207 3283 409 3360 seditionem,
435 3309 475 3350 ex
501 3289 594 3351 luctu
620 3289 750 3358 civium,
773 3298 869 3358 etex
890 3286 1052 3367 Oaepionis

11 3375 106 3447 odio,
124 3372 186 3453 qui
200 3373 381 3435 exereitum
398 3374 564 3445 amiserat,
579 3393 684 3452 neque
700 3373 832 3454 reprimi
849 3373 1003 3453 potuisse,
1018 3380 1052 3434 et

12 3462 99 3538 jure
117 3476 194 3519 esse
210 3457 399 3519 conflatam.
444 3455 554 3521 Potuit
575 3456 628 3519 hio
644 3458 818 3520 locustam
835 3476 966 3538 anceps
980 3465 1052 3520 tam

12 3542 210 3611 inauditus
223 3540 294 3602 tam
316 3542 470 3614 lubricus
485 3551 555 3604 tam
570 3562 684 3614 novus
699 3544 769 3604 sine
785 3542 925 3622 quddam
948 3545 1051 3605 incre-

11 3628 119 3690 dibili
132 3626 168 3686 vi
186 3644 227 3686 ac
239 3625 399 3688 facultate
412 3627 541 3688 dicendi
555 3623 714 3688 tractaril
759 3627 848 3705 Quid
863 3648 925 3705 ego
939 3627 978 3688 de
991 3625 1049 3688 On.

9 3712 160 3791 Manlii,
177 3709 256 3790 quid
277 3710 317 3771 de
333 3710 374 3786 Q.
391 3709 492 3789 Regis
515 3712 799 3774 commiseratione
814 3710 946 3773 dicam?
973 3710 1051 3788 quid

9 3798 59 3861 de
83 3795 169 3860 aliis
194 3792 511 3858 innumerabilibus?
542 3796 716 3874 inquibus
738 3817 802 3857 non
823 3795 884 3855 hoc
905 3792 1050 3853 maxime
