2434 4286
134 361 195 421 150
393 377 433 421 nn
453 377 595 419 errrore
615 377 704 423 mn
725 378 885 422 cucusum.

132 525 317 586 neminem:
339 522 400 586 hoc
415 525 545 587 interim
567 526 673 606 spatio
687 525 844 586 conclave
858 524 949 595 illud,
962 523 1019 587 ubi
1035 525 1150 607 epula·

132 617 221 669 retur
247 607 380 687 Scopas
405 608 606 670 concidisse:
639 609 679 670 ed
703 611 796 670 ruini
824 610 932 690 ipsum
957 629 1151 690 oppressum

133 711 208 753 cum
228 693 295 753 suis
317 694 487 753 interiisse.
531 691 624 767 Quos
639 694 713 753 cdm
728 692 864 754 humare
881 693 1003 755 vellent
1019 695 1080 762 sui,
1095 714 1151 755 ne·

132 795 195 854 que
217 784 349 855 possent
370 774 504 836 obtritos
525 777 743 837 internoscere
760 777 826 837 ullo
845 776 950 849 modo,
966 775 1152 839 Simonides

133 858 260 929 dicitur,
275 879 315 920 ex
331 880 371 919 eo
386 858 470 937 quod
491 861 701 929 meminisset,
716 879 779 938 quo
795 879 906 922 eorum
926 862 997 922 loco
1012 864 1152 939 quisque

133 942 308 1014 cubuisset,
337 942 575 1003 demonstrator
604 944 858 1022 uniuscujusque
894 944 1072 1024 sepeliendi
1102 944 1152 1004 fu·
1205 978 1206 1019 ,

133 1028 208 1088 isse.
253 1025 327 1087 Hac
342 1037 412 1087 tum
430 1045 465 1088 re
484 1024 669 1089 admonitus
691 1028 854 1089 invenisse
877 1027 988 1098 fertur,
1003 1027 1153 1088 ordinem
1205 1040 1206 1043 ’

133 1129 204 1172 esse
227 1110 379 1182 maxime,
394 1111 448 1188 qui
470 1111 636 1172 memoriae
658 1112 769 1172 lumen
785 1110 926 1173 afferret.
971 1110 1086 1189 Itaque
1102 1112 1153 1182 iis,

133 1195 189 1273 qui
211 1193 296 1255 hanc
318 1204 447 1274 partem
465 1194 590 1270 ingenii
612 1205 810 1265 exercerent,
829 1196 917 1255 locos
931 1214 1003 1255 esse
1017 1196 1153 1274 capien-

133 1277 200 1349 dos,
215 1287 248 1339 et
268 1297 319 1349 ea,
333 1297 406 1355 quae
426 1278 583 1339 memorii
601 1286 712 1338 tenere
728 1278 860 1349 vellent,
875 1276 1061 1355 effingenda
1082 1280 1154 1339 ani·

133 1380 196 1433 mo,
212 1370 310 1440 atque
333 1363 367 1422 in
387 1359 437 1422 his
452 1362 532 1422 locis
547 1360 760 1432 collocanda3
782 1363 829 1423 sic
851 1360 920 1422 fore
945 1369 981 1422 ut
1004 1361 1155 1422 ordinem
1205 1398 1206 1445 3

133 1463 242 1506 rerum
256 1446 401 1506 locorum
415 1445 493 1506 ordo
504 1455 732 1517 conservaret,
748 1465 799 1506 res
811 1456 923 1506 autem
938 1445 1027 1524 ipsas
1042 1464 1155 1509 rerum
1205 1500 1206 1503 ,

134 1527 259 1605 effigies
280 1538 533 1607 uetareturque
554 1536 592 1588 ut
614 1528 693 1590 locis
714 1549 773 1609 pro
789 1529 864 1590 card
884 1529 1069 1590 simulacris
1092 1548 1155 1609 pro

133 1611 245 1683 literis,
258 1621 434 1674 uteremur.
1205 1618 1206 1621 ’

176 1694 368 1757 LXXXVII.
402 1694 470 1771 Qui
493 1696 535 1755 sit
555 1705 667 1756 autem
686 1697 808 1757 oratori
831 1697 995 1757 memoriae
1015 1694 1155 1769 fructus,

133 1789 258 1857 quanta
272 1780 406 1849 utilitas,
421 1789 547 1858 quanta
562 1780 624 1850 vis·
635 1779 712 1857 quid
733 1799 786 1841 me
806 1781 925 1841 attinet
947 1776 1080 1840 dicere?
1105 1788 1154 1840 te-

133 1880 211 1939 nere
234 1882 307 1942 quoe
330 1862 481 1924 didiceris
504 1863 539 1922 in
558 1862 749 1942 accipienda
765 1863 873 1932 causi,
887 1882 960 1941 quae
976 1864 1045 1942 ipse
1061 1864 1154 1941 cogi·

133 1943 235 2006 rurist
266 1966 378 2007 omnes
400 1945 483 2007 fixas
504 1966 575 2007 esse
599 1947 633 2006 in
654 1948 764 2007 animo
787 1943 988 2008 sententias?
1020 1966 1156 2011 omnem
1204 2014 1206 2019 ,

134 2029 333 2110 descriptum
348 2029 521 2090 verborum
543 2027 767 2111 apparatum?
791 2032 839 2091 ita
861 2029 975 2091 audire
991 2030 1044 2091 vel
1064 2049 1155 2103 eum,

133 2112 220 2173 unde
236 2112 352 2186 discas,
368 2111 421 2175 vel
442 2132 527 2184 eum,
543 2117 596 2175 cui
619 2113 876 2193 respondendum
892 2115 942 2184 sit,
958 2123 994 2174 ut
1016 2114 1064 2174 illi
1087 2134 1155 2175 non

134 2194 304 2259 infundere
331 2198 365 2258 in
390 2215 487 2257 aures
512 2207 587 2258 tuas
611 2199 802 2268 orationem,
827 2196 943 2258 sedin
969 2198 1080 2258 animo
1105 2200 1154 2259 vi·

134 2279 273 2341 deantur
296 2278 496 2361 inscribere?
541 2280 654 2360 Itaque
677 2281 747 2351 soli,
771 2282 825 2359 qui
849 2281 1005 2341 memorii
1027 2282 1154 2358 vigent,
1206 2306 1207 2355 ξ

134 2364 250 2434 sciunt,
265 2363 351 2442 quid,
371 2372 404 2426 et
425 2364 593 2442 quitenus,
609 2373 642 2425 et
663 2363 831 2442 quomodo.
845 2364 962 2425 dicturi
984 2369 1059 2435 sint,
1073 2365 1154 2443 quid

133 2447 368 2527 responderint,
389 2447 467 2528 quid
489 2450 651 2528 supersit:
693 2447 856 2526 iidemque
885 2447 990 2509 multa
1012 2467 1054 2508 ex
1076 2449 1155 2510 aliis

134 2533 244 2593 causis
259 2531 434 2611 aliquando
454 2552 477 2592 a
495 2551 530 2595 se
546 2541 633 2603 acta,
651 2531 765 2604 multa,
785 2531 829 2592 ab
849 2531 923 2592 aliis
945 2531 1069 2603 audita,
1084 2551 1153 2592 me·

134 2618 306 2677 minerunt.

176 2700 290 2774 Quare
316 2698 472 2760 confiteor
497 2698 656 2778 equidem,
677 2699 774 2777 hujus
798 2698 876 2760 boni
899 2706 1054 2759 naturam
1078 2717 1153 2761 esse

134 2784 323 2863 principem,
345 2784 430 2844 sicut
453 2802 568 2844 earum
590 2803 708 2852 rerum,
728 2784 768 2844 de
789 2782 907 2861 quibus
928 2792 1004 2843 ente
1020 2783 1154 2844 locutus

134 2885 216 2937 sum,
231 2868 397 2927 omnium:
419 2866 475 2927 sed
497 2867 567 2928 haec
584 2887 638 2927 ars
651 2876 722 2928 tota
736 2866 874 2937 dicendi,
888 2868 959 2927 sive
974 2868 1053 2927 artis
1069 2868 1153 2928 ima·

134 2969 177 3027 go
200 2949 350 3028 quaedam
374 2958 423 3010 est
447 2959 480 3011 et
502 2949 689 3021 similitudo,
712 2949 813 3012 habet
836 2948 921 3011 hanc
936 2951 1014 3020 vim,
1033 2969 1099 3011 non
1114 2960 1153 3013 ut

134 3043 241 3096 totum
264 3032 397 3110 aliquid,
417 3036 511 3113 cujus
533 3033 568 3093 in
590 3035 730 3111 ingeniis
754 3035 870 3095 nostris
888 3053 966 3115 pars
985 3033 1078 3094 nulla
1099 3036 1154 3107 sit,

134 3119 244 3198 pariat
267 3124 300 3177 et
321 3129 479 3196 procreet,
495 3119 608 3179 verum
624 3127 661 3180 ut
683 3137 733 3188 ea,
748 3137 820 3197 quae
843 3127 918 3178 sunt
940 3126 1012 3178 orta
1027 3119 1100 3194 jam
1117 3121 1153 3180 in

134 3200 227 3262 nobis
251 3209 285 3262 et
310 3211 492 3281 procreata,
515 3201 633 3263 educet
662 3210 761 3280 etque
788 3200 967 3263 confirmet.
1012 3200 1154 3263 Verum·

134 3294 245 3347 tamen
269 3305 376 3364 neque
400 3294 469 3347 tam
493 3286 562 3347 acri
586 3286 740 3346 memorii
760 3284 827 3346 sere
843 3288 1014 3365 quisquam
1030 3295 1089 3356 est,
1104 3296 1154 3358 ut,

134 3388 199 3429 non
221 3368 383 3449 dispositis
405 3371 590 3448 notatisque
613 3369 720 3441 rebus,
734 3369 878 3430 ordinem
895 3368 1069 3430 verborum
1091 3378 1154 3432 aut

134 3454 372 3517 sententiarum
395 3454 651 3532 complectatur;
674 3473 778 3532 neque
794 3452 873 3514 vero
888 3461 957 3513 tam
977 3451 1099 3524 hebeti,
1115 3462 1154 3515 ut

133 3535 216 3597 nihil
229 3536 293 3599 hac
309 3537 541 3598 consuetudine
562 3545 595 3598 et
617 3538 851 3599 exercitatione
868 3536 1050 3615 adjuvetur.
1095 3535 1153 3598 Vi·

134 3619 182 3680 dit
205 3622 293 3680 enim
314 3619 374 3681 hoc
396 3620 573 3700 prudenter
588 3622 657 3681 sive
680 3620 872 3691 Simonides,
892 3622 961 3681 sive
978 3619 1064 3693 alius
1078 3624 1154 3699 quis

49 3705 57 3721 '
135 3703 270 3773 invenit,
285 3723 327 3762 ea
348 3704 491 3763 maxime
514 3706 632 3765 animis
654 3703 745 3782 affigi
768 3705 895 3776 nostris,
909 3723 982 3783 quae
997 3712 1109 3766 essent
1132 3725 1155 3766 a

135 3804 233 3845 sensu
247 3784 369 3847 tradita
383 3794 481 3863 atque
497 3788 673 3867 impressa;
689 3789 889 3851 accerimum
903 3795 1018 3850 eutem
1029 3807 1071 3850 ex
1085 3808 1154 3852 om·
