2452 4290
102 339 144 399 28
386 356 426 396 nn
446 355 588 399 canrosa
609 355 699 397 ιιιιιιιι
719 355 838 397 ruruus.

102 504 238 584 obsequi
258 503 388 574 vellem,
402 504 583 584 prasertim
598 503 673 564 crim
687 511 720 564 te
735 520 839 564 unum
853 522 895 564 ex
910 503 1062 567 omnibus
1076 507 1122 571 ad

103 587 277 650 dicendum
301 587 444 648 maxime
468 597 595 659 natum,
621 597 799 667 aptumque
826 587 1028 666 cognossem,
1054 591 1121 664 sed,

103 670 299 743 mehercule,
315 672 409 732 istius
430 670 660 752 disputationis
684 670 865 743 insolentia,
880 681 979 753 atque
1003 693 1121 736 earum

103 775 309 834 rerumquae
324 757 419 834 quasi
434 757 467 816 in
483 765 553 817 arte
569 754 752 826 traduntur,
763 756 902 816 inscitia.
947 756 1034 818 Turn
1045 756 1122 819 eoa

103 849 148 912 ta,
164 839 330 915 Quoniam
352 838 395 910 id,
409 839 494 918 quod
516 839 745 900 difficillimum
767 838 861 899 nobis
881 839 1066 912 ridebatur,
1081 851 1122 905 ut

104 924 235 986 omnind
249 923 289 984 de
308 922 358 983 his
373 922 480 995 rebus
495 923 621 995 Crasse,
636 923 815 1002 loquerere,
829 925 972 985 assecuti
988 944 1123 999 sumus;

104 1008 143 1070 de
160 1007 284 1106 reliquo
294 1008 366 1104 jam
382 1017 494 1069 nostra
509 1008 607 1087 culpa
622 1006 729 1078 suerit,
742 1009 769 1067 si
784 1014 827 1079 te,
838 1009 901 1069 nisi
915 1009 1036 1080 omnia,
1047 1028 1123 1087 quae

104 1101 275 1171 percontat
276 1092 428 1163 ierimus,
438 1092 618 1173 explicaris,
628 1090 854 1152 dimiserimus.
892 1090 975 1154 De
955 1111 1003 1164 ns,
1013 1092 1122 1189 credo,

104 1175 211 1247 rebus,
226 1175 330 1255 inquit
345 1174 600 1258 Crassusutuin
614 1175 812 1236 cretionibus
826 1175 924 1238 scribi
946 1177 1037 1248 solet,
1052 1177 1121 1259 qui-

104 1259 160 1320 bus
172 1259 278 1331 sciam,
287 1252 463 1356 poteroque
508 1256 596 1319 Tum
610 1260 676 1330 ille,
688 1258 719 1320 N
722 1279 786 1330 arn,
797 1259 883 1338 quod
898 1270 935 1322 tu
950 1280 1015 1321 non
1030 1271 1122 1359 pote-

71 1346 78 1357 '
105 1346 159 1415 ris,
174 1350 232 1404 aut
247 1344 385 1415 nescies,
400 1345 472 1423 quis
486 1351 559 1404 nost
546 1344 632 1404 trum
654 1353 724 1405 tam
746 1341 917 1424 impudens
931 1354 991 1416 est,
1007 1346 1062 1424 qui
1085 1365 1121 1408 se
1146 1406 1152 1417 ,

105 1429 189 1490 seire
204 1436 262 1488 aut
277 1447 371 1525 posse
386 1427 557 1529 postulet
515 1425 550 1488 tl

147 1510 224 1574 Jam
249 1511 338 1583 verb,
360 1512 422 1573 ista
447 1511 566 1573 condit
544 1521 641 1583 tione,
664 1511 743 1573 dum
768 1510 849 1572 mibi
874 1512 975 1573 liceat
997 1532 1122 1590 negare

105 1616 200 1678 posse
216 1594 303 1691 quod
317 1616 382 1657 non
404 1605 527 1675 potero,
542 1604 575 1657 et
596 1595 694 1657 fateri
717 1595 842 1656 nescire
857 1595 943 1675 quod
966 1598 1123 1693 nesciam,

106 1680 214 1751 licet,
203 1679 310 1775 inquit
325 1677 472 1751 Crassus
485 1689 593 1741 vestro
605 1679 691 1740 arbit
692 1689 767 1739 ratu
781 1687 915 1758 percont
916 1680 1025 1741 emini.
1063 1680 1123 1742 At·

106 1783 179 1843 que,
201 1763 306 1840 inquit
329 1760 504 1841 Sulpicius,
519 1762 579 1825 hoo
602 1764 742 1843 primum
757 1783 798 1823 ex
820 1772 862 1836 te,
877 1763 917 1825 de
939 1783 1005 1863 quo
1026 1763 1124 1825 modo

107 1847 268 1910 Antonius
283 1847 442 1927 exposuit,
453 1846 530 1925 quid
545 1848 678 1918 sentias,
698 1848 889 1925 quaerimus3
912 1849 1123 1910 existimesne

107 1940 212 1992 artem
228 1930 375 2009 aliquam
390 1928 460 1992 es'se
476 1930 613 1992 dicendi.
632 1967 635 1973 ,
658 1927 770 2006 Quid?
794 1931 874 1993 mibi
889 1951 975 1993 nunc
990 1952 1059 2004 vos,
1074 1933 1123 1994 in·

107 2017 176 2095 quit
191 2014 338 2087 Crassus,
353 2024 513 2093 tanquam
528 2016 628 2077 alicui
643 2014 794 2076 Graeculo
809 2017 911 2077 otioso
926 2025 959 2077 et
981 2017 1123 2096 loquaci,

108 2108 141 2161 et
156 2098 294 2160 fortasse
309 2099 405 2160 docto
427 2108 525 2178 atque
549 2099 683 2172 erudito,
705 2099 986 2178 quaestiunculam,
1001 2100 1040 2161 de
1059 2102 1125 2179 qud

107 2203 181 2245 meo
205 2183 366 2245 arbitratu
390 2182 513 2261 loquar,
534 2181 675 2262 ponitisl
712 2182 855 2259 Quando
870 2185 958 2246 enim
980 2205 1033 2246 me
1057 2186 1125 2246 ista

107 2267 237 2329 curasse
249 2276 308 2329 aut
324 2267 483 2345 cogitasse
495 2266 710 2339 arbitramini,
722 2276 755 2329 et
769 2287 834 2328 non
846 2286 975 2366 semper
985 2269 1124 2331 irrisisse

107 2353 215 2432 potius
231 2371 343 2413 eorum
358 2350 526 2413 hominum
542 2350 788 2430 impudentiam,
799 2352 864 2430 qui,
876 2353 951 2412 cum
964 2353 998 2413 in
1013 2351 1126 2414 schola

108 2434 314 2509 assedissem,
331 2455 371 2498 ex
386 2454 508 2514 magna
522 2434 691 2518 hominum
706 2434 888 2535 frequentia
902 2433 1009 2497 dicere
1027 2435 1124 2515 jube-

107 2528 189 2592 rent,
201 2519 229 2580 si
244 2521 316 2599 quis
327 2520 404 2599 quid
415 2516 596 2599 quaereretl
614 2513 731 2594 Quod
746 2520 887 2600 primum
898 2518 1008 2581 ferunt
1020 2519 1125 2581 Leon·

108 2604 214 2666 tinum
229 2604 345 2666 fecisse
356 2603 534 2702 Gorgiam3
556 2604 612 2683 qui
626 2623 843 2703 permagnum
854 2602 1009 2681 quiddam
1024 2605 1125 2665 susci-

108 2706 186 2785 pere
202 2709 243 2750 ac
250 2688 402 2768 profiteri
417 2687 602 2760 videbatur,
618 2689 693 2749 curn
708 2708 742 2748 se
758 2687 800 2747 ad
816 2687 935 2757 omnia,
951 2687 990 2748 de
1006 2675 1146 2766 quibus,

108 2774 243 2852 quisque
257 2773 370 2834 audire
382 2774 492 2844 vellet,
469 2781 572 2834 tesso
584 2780 737 2853 paratum
750 2769 968 2832 denuntiarat
1005 2770 1081 2834 Post
1068 2780 1128 2833 tea

60 2867 64 2874 '
109 2856 187 2918 verb
203 2857 302 2952 vulgo
324 2856 386 2918 boc
409 2856 520 2918 facere
545 2864 724 2936 eoeperunt,
745 2853 904 2933 hodieque
928 2852 1065 2927 faciunt,
1042 2864 1127 2918 tut

109 2941 202 3001 nulla
217 2941 258 3001 sit
274 2959 454 3017 rosaeque
477 2947 582 3012 tanta,
597 2959 703 3036 neque
725 2949 794 3000 tam
817 2939 1004 3019 improvisa,
1019 2960 1127 3018 neque

108 3032 179 3086 tam
194 3043 291 3095 nova,
306 3023 345 3085 de
361 3043 425 3103 qua
446 3043 481 3084 se
497 3042 561 3085 non
584 3024 706 3095 omnia,
720 3042 793 3102 quae
808 3022 872 3085 dici
895 3033 1039 3104 possunt,
1053 3043 1127 3104 pro·

108 3107 266 3170 fiteantur
288 3127 359 3168 esse
374 3107 525 3169 dicturos.
571 3107 669 3183 Qudd
691 3109 718 3168 si
744 3117 787 3178 te,
810 3106 916 3178 Cotta,
938 3107 1128 3180 arbitrarer,

109 3201 167 3254 aut
182 3202 224 3264 te,
237 3191 370 3271 Sulpici,
382 3191 422 3252 de
437 3193 477 3252 iis
492 3191 590 3253 rebus
605 3191 719 3254 audire
730 3191 826 3262 velle,
838 3189 1045 3253 adduxissem
1060 3191 1127 3254 buo

107 3276 261 3338 Graeoum
277 3276 430 3356 aliquem,
441 3278 497 3356 qui
512 3295 570 3337 vos
585 3275 766 3336 istiusmodi
782 3273 1057 3356 disputationibus
1072 3275 1128 3337 de·

108 3361 263 3432 lactaret3
286 3360 372 3440 quod
393 3381 435 3423 ne
451 3381 538 3432 nunc
553 3358 684 3440 quidem
706 3358 838 3421 difficile
853 3358 945 3420 factu
961 3369 1019 3422 est.
1065 3358 1128 3423 Est

110 3446 197 3507 enim
220 3443 309 3524 apud
333 3443 379 3506 Μ.
396 3443 557 3517 Pisonem,
573 3444 816 3505 adolescentem
835 3444 907 3522 jam
929 3442 1005 3506 huic
1020 3444 1128 3505 studio

109 3527 264 3598 deditum,
280 3545 406 3587 summo
429 3528 594 3590 bominem
616 3529 759 3605 ingenio,
773 3528 940 3606 nostrique
958 3527 1127 3608 cupidissi-

109 3632 209 3684 mum,
224 3611 460 3692 peripateticus
476 3611 620 3684 Staseas,
631 3612 729 3674 homo
744 3611 837 3674 nobis
852 3612 931 3673 sane
943 3611 1128 3685 familiaris,

108 3704 152 3768 et,
167 3704 203 3757 ut
226 3698 312 3757 inter
332 3694 480 3756 homines
503 3697 625 3775 peritos
647 3706 798 3760 constare
814 3696 919 3769 video,
933 3697 968 3758 in
991 3696 1048 3758 illo
1066 3715 1127 3759 suo

108 3798 229 3857 genere
245 3780 390 3842 omnium
404 3779 564 3859 princeps.
