2434 4286
132 442 193 501 leo
402 459 442 500 ιιιι
463 457 603 499 onerose
624 457 713 499 mnan
733 458 869 500 rnnrms.

129 614 200 666 tum
210 612 396 665 nostrornm
412 605 616 682 ingeniorum
629 624 718 666 acres
729 607 851 667 intueri
862 612 988 685 potest;
1010 624 1067 685 qur
1078 625 1148 667 om
1212 668 1213 675 ,

129 690 187 749 nia
208 688 288 758 haec,
302 707 375 767 quae
390 707 490 787 supra
505 698 538 749 et
561 688 681 759 subter,
696 709 799 750 unum
813 708 893 757 esse,
909 700 942 750 et
963 709 1029 751 una
1043 693 1077 750 vl
1097 701 1148 750 at·

130 792 194 850 que
215 791 280 833 una
302 774 512 833 consensione
537 782 663 834 naturae
687 774 864 833 constricta
889 793 959 834 esse
981 774 1146 836 dixerunt.

130 854 268 917 Nullum
283 865 333 917 est
347 857 436 916 enim
450 874 554 933 genus
569 875 687 927 rerum,
702 856 787 935 quod
805 865 864 917 aut
874 856 1031 918 avulsum
1047 878 1071 917 a
1084 878 1149 919 cae·
1212 888 1213 895 ι

130 942 209 1001 teris
232 959 292 1020 per
312 941 455 1020 seipsum
469 943 628 1011 constare,
644 954 711 1010 aut,
727 959 790 1019 quo
812 949 932 1001 caetera
946 943 974 1002 si
998 948 1150 1015 careant,

130 1026 199 1085 vim
213 1043 307 1085 snam
324 1035 421 1121 atque
437 1025 656 1085 aeternit'atem
671 1026 865 1085 conservare
881 1026 1011 1125 possint.

113 1115 173 1249 f
172 1106 228 1168 Vl.
251 1107 326 1179 sed,
340 1109 368 1168 si
383 1108 452 1168 haec
468 1110 657 1185 majoresse
673 1108 757 1169 ratio
772 1107 910 1179 videtur,
926 1127 1023 1188 qnam
1037 1117 1075 1169 ut
1090 1108 1149 1170 ho'-
1212 1126 1213 1157 ι

130 1194 255 1271 minum
277 1193 378 1271 possit
399 1193 498 1253 sensi'r
521 1201 579 1253 aut
603 1193 800 1270 cogitatione
823 1192 1072 1272 comprehendi3
1096 1203 1150 1256 est
1212 1256 1213 1281 q

131 1278 233 1338 etiam
246 1277 308 1336 illa
328 1275 474 1338 Platonis
489 1294 611 1346 verae
593 1275 710 1346 ettibi,
725 1275 787 1336 Cat
775 1276 852 1346 tule,
868 1276 956 1337 certe
970 1297 1035 1337 ιιοιι
1050 1279 1150 1338 inau-

131 1360 202 1421 dita
216 1379 288 1431 vox,
302 1378 431 1420 omnem
448 1359 631 1420 doctrinam
652 1359 799 1419 harum
790 1366 1010 1436 ingenuarum
1029 1369 1068 1421 et
1087 1360 1149 1421 hu·

130 1462 305 1505 manarum
321 1445 442 1504 artium
464 1462 530 1505 uno
545 1443 685 1540 quodam
701 1444 867 1504 societatis
889 1443 1021 1504 vinculo
1043 1447 1149 1513 conn'·

131 1526 210 1588 neri.
254 1526 318 1590 Ubi
334 1529 421 1588 enim
436 1536 608 1624 perspecta
621 1529 670 1586 vis
684 1535 733 1587 est
748 1528 883 1587 rationis
898 1528 977 1604 ejus,
989 1527 1052 1605 qui
1067 1548 1149 1590 cau·

131 1630 176 1672 sae
190 1630 299 1672 rerum
315 1619 412 1708 atque
428 1604 540 1672 exitus
550 1619 797 1686 cognoscuntur,
812 1612 912 1671 mirus
930 1611 1149 1688 quidamom·

131 1697 223 1756 nium
244 1695 339 1774 quasi
360 1713 538 1755 consensus
552 1693 774 1755 doctrinarum
789 1694 1029 1772 concentusque
1054 1714 1150 1775 repe·

131 1776 221 1839 ritur.
266 1777 332 1840 Sed
355 1778 382 1837 si
406 1776 466 1838 hoc
482 1797 610 1857 quoque
634 1777 764 1857 videtur
776 1792 855 1838 esse·
874 1778 981 1847 altius
997 1779 1096 1856 quim
1111 1787 1151 1840 ut

131 1862 165 1924 id
179 1881 247 1933 nos,
259 1862 349 1922 humi
360 1863 465 1932 strati,
476 1858 640 1942 suspicere
653 1864 820 1941 possimus
832 1860 912 1922 illud
924 1863 1012 1922 certe
1023 1872 1151 1935 tamen,

132 1945 217 2025 quod
233 1946 374 2024 amplexi
391 1964 513 2017 sumus,
524 1945 610 2024 quod
624 1945 822 2025 profitemur,
834 1944 918 2023 quod
934 1948 1151 2024 suscepimus

132 2030 226 2090 nesse
250 2038 283 2090 et
306 2029 417 2089 tenc're
433 2028 719 2094 debemuchna
733 2037 782 2089 est
806 2030 892 2089 enim
910 2028 1008 2107 (quod
1030 2038 1063 2089 et
1086 2050 1152 2108 ego

132 2112 283 2174 hesterni
297 2113 350 2174 die
362 2112 437 2182 dixi,
449 2121 482 2173 et
497 2114 620 2192 aliquot
632 2113 712 2173 locis
727 2111 986 2173 antemeridiano
997 2131 1150 2174 sermone

133 2196 331 2274 significavit
357 2196 530 2275 Antonius)
558 2197 755 2274 eloquentia,
778 2193 987 2275 quascunque
1013 2199 1047 2257 in
1073 2216 1151 2257 oras

132 2280 360 2363 disputationis
376 2281 567 2357 regionesve
583 2280 695 2340 delata
710 2288 769 2340 est.
813 2280 911 2349 Nam,
925 2283 995 2340 sive
1009 2280 1051 2341 de
1073 2283 1151 2342 coeli
1212 2326 1213 2335 ι

132 2365 250 2426 naturai
265 2364 416 2441 liquitur,
431 2365 501 2425 sive
523 2363 562 2425 de
579 2374 684 2435 terrae,
699 2366 768 2425 sive
784 2363 824 2426 de
839 2364 949 2424 divini
963 2365 1005 2460 ri,
1021 2366 1091 2425 sive
1108 2364 1150 2426 de
1212 2364 1213 2445 j

132 2447 321 2545 humana,
297 2466 366 2507 sive
382 2467 422 2507 ex
437 2447 589 2509 inferiore
605 2448 686 2510 loco
697 2450 766 2509 sive
783 2467 824 2508 ex
838 2467 940 2526 aequo,
955 2448 1024 2508 sive
1040 2468 1081 2508 ex
1097 2468 1150 2509 sn·
1212 2450 1213 2455 ’

133 2535 269 2615 periore,
284 2533 353 2591 sive
368 2541 405 2592 ut
421 2532 569 2612 impellat
584 2531 776 2627 homines,
752 2551 821 2593 srve
837 2540 873 2591 ut
888 2530 1013 2602 doceat,
1025 2533 1095 2592 sive
1112 2541 1150 2593 ut

133 2616 187 2678 det
175 2626 306 2712 terreat,
321 2617 401 2676 site
405 2626 442 2676 nt
465 2617 616 2688 concitet,
631 2616 700 2676 sive
715 2624 752 2676 ut
775 2614 932 2684 reflectat,
947 2617 1016 2675 sire
1042 2625 1078 2676 ut
1102 2618 1149 2676 in-

133 2701 262 2769 cendat,
240 2701 346 2760 tsive
369 2707 406 2759 ut
394 2700 542 2771 tleniat‚
520 2701 626 2760 tsive
648 2699 691 2759 ad
714 2699 929 2796 paucossive
952 2698 996 2758 ad
1014 2700 1150 2796 multos,

134 2786 203 2844 sive
219 2785 250 2844 in
254 2793 305 2843 ter
326 2784 460 2854 alicnus„
483 2784 553 2844 sire
576 2803 651 2844 cum
675 2784 751 2853 suis
767 2783 836 2842 sive
860 2800 981 2855 secum,
996 2783 1075 2842 rivis
1100 2791 1151 2845 est

48 2926 52 2935 ,
133 2867 243 2928 diduct
232 2878 267 2926 ta
288 2866 660 2938 orat10‚n0nfontibus
683 2875 726 2935 et,
744 2865 935 2944 quocunque
958 2866 1150 2944 ingreditur,
1212 2902 1213 2909 ι

43 2950 46 2957 ’
134 2950 248 3011 eodem
264 2958 313 3009 est
328 2936 488 3011 instructu
504 2960 685 3048 ornatuque
701 2951 867 3010 comitata.

176 3033 250 3104 seu,
273 3034 428 3111 quoniam
453 3037 598 3132 oppressi
619 3036 691 3111 jam
717 3053 829 3093 sumus
854 3031 1060 3113 opinionibus
1083 3052 1150 3095 non
1212 3074 1213 3115 3

133 3118 228 3179 modo
244 3118 346 3194 vulgi,
362 3119 477 3178 verum
499 3120 601 3179 etiam
616 3116 783 3178 hominum
805 3117 922 3178 leviter
937 3117 1150 3191 erurlrtorum,
1212 3158 1213 3169 ι

133 3204 197 3280 qui,
213 3220 285 3281 quae
308 3203 481 3281 complecti
504 3211 574 3263 tota
589 3211 763 3280 nequeunt,
778 3201 848 3262 lraec
867 3200 997 3262 facilius
1019 3199 1150 3263 divulsa
1209 3210 1213 3229 ¹

134 3296 167 3347 et
189 3288 283 3366 quasi
297 3287 462 3366 discerpta
476 3295 696 3355 contrectant;
719 3295 752 3345 et
767 3286 832 3364 qui,
847 3295 1004 3362 tanquam
1021 3284 1064 3344 ab
1080 3289 1149 3346 ani·

133 3391 187 3432 mo
203 3390 327 3451 corpus
339 3371 386 3430 sic
398 3390 419 3429 a
430 3372 600 3431 sententiis
612 3369 714 3430 verba
729 3372 914 3447 seiungunt,
926 3388 1062 3446 quorum
1079 3372 1149 3430 sine

134 3457 271 3516 interitu
290 3453 361 3514 fieri
387 3465 539 3531 neutrum
562 3463 686 3532 potest3
712 3473 777 3513 non
797 3454 974 3531 suscipiam
996 3455 1148 3514 'oratione

135 3540 206 3599 meri
222 3539 411 3617 plusquam
423 3537 501 3598 mihi
517 3540 710 3616 imponitur:
734 3541 860 3597 rantum
873 3535 1067 3613 significabo
1082 3537 1148 3596 bre-

134 3622 176 3692 vi‚·
192 3642 296 3699 neque
312 3621 485 3680 verborum
500 3632 650 3682 ornatum
666 3621 813 3681 inveniri
820 3640 923 3700 posse,
938 3640 1002 3679 non
1018 3618 1149 3699 partitis

135 3707 358 3784 expressisque
374 3706 550 3775 sententiis
566 3725 671 3783 neque
687 3725 757 3765 esse
774 3706 876 3764 ullam
899 3707 1097 3765 senteutiam
1113 3706 1148 3766 il-

135 3789 270 3849 lustrem
285 3789 354 3846 sine
370 3786 443 3846 luce
455 3788 636 3848 verborum.
681 3787 755 3858 sed,
770 3791 961 3869 priusquam
975 3789 1034 3849 illa
1050 3794 1148 3851 emor

136 3872 307 3946 attingere,
321 3869 438 3948 quibus
453 3872 634 3931 orationem
648 3874 756 3934 ornari
774 3882 872 3952 atque
888 3872 1072 3934 illuminari
1091 3894 1147 3953 pu·
