2452 4290
366 406 406 448 na
421 405 562 449 onerosa
576 407 665 449 maun
680 406 799 450 ramus.
1048 382 1091 453 2'8

64 574 126 618 non
151 554 333 633 egregium
357 552 522 634 quendam
546 553 712 620 hominem
735 562 834 636 atque
861 552 1091 623 admirandum

64 639 151 703 sore:
176 637 238 701 sed
259 641 297 711 ia,
312 640 341 700 si
364 640 419 719 qui
434 648 531 712 essct,
546 648 605 702 aut
628 642 656 701 si
679 641 781 703 etiam
804 659 950 720 uuquam
963 641 1090 717 fuisset,

64 723 223 787 univero
239 724 267 784 si
291 743 363 785 esse
386 732 505 804 posset,
520 733 558 785 tu
581 743 669 786 esses
691 743 777 787 unus
799 724 964 806 prosectb;
986 730 1091 806 quiet

63 829 138 872 meo
158 806 299 887 judicio,
323 815 357 869 et
379 810 535 881 omnium,
548 810 605 870 vix
628 809 732 870 ullam
755 810 882 872 caeteris
907 812 1091 873 oratoribus

65 894 165 975 (pace
180 891 300 954 horum
315 891 465 970 dixerim)
481 891 615 955 laudem
634 894 803 974 reliquisti.
847 892 972 955 Verhrn
987 897 1014 956 si
1029 896 1090 957 tibi

9 1006 17 1053 ¹,
65 979 127 1060 ipsi
137 975 223 1039 nihil
236 974 337 1049 deest,
347 975 433 1056 quod
444 978 479 1038 in
489 977 671 1039 forensibus
682 977 780 1040 rebus
791 978 1006 1059 civilibusque
1018 999 1090 1041 ver·

65 1071 168 1134 satur,
184 1061 265 1140 quin
280 1061 376 1133 scias,
387 1080 494 1140 neque
511 1080 586 1123 eam
599 1068 712 1124 tamen
727 1064 911 1135 seientiam,
922 1083 1022 1142 quam
1034 1064 1090 1125 ad·

66 1148 184 1225 jungis
203 1146 337 1217 oratori,
352 1146 541 1225 complexus
564 1165 618 1219 es;
640 1146 821 1220 videamus,
835 1166 877 1209 ne
899 1148 974 1229 plus
988 1149 1020 1209 ei
1035 1150 1090 1210 tri·

65 1230 162 1302 buas,
177 1230 280 1309 quam
294 1247 347 1290 res
362 1237 396 1290 et
410 1231 533 1309 ueritas
548 1230 621 1311 ipsa
636 1229 804 1292 concedat.

109 1313 177 1376 Hic
193 1312 341 1384 Crassus
356 1312 536 1386 Memento,
550 1314 664 1393 inquit,
679 1334 732 1375 me
748 1314 868 1376 nonde
883 1314 966 1388 met,
978 1314 1035 1377 sed
1049 1315 1090 1379 de

68 1398 219 1469 oratoris,
228 1395 388 1458 facultate
398 1395 526 1460 dixisse.
570 1397 725 1474 Quideni
763 1418 831 1458 »nos
841 1407 900 1459 aut
909 1398 1091 1473 didicimus,

70 1492 128 1547 aut
138 1482 232 1543 'scire
245 1482 422 1562 potuimus,
437 1483 494 1561 qui
509 1481 586 1543 ante
602 1481 645 1543 ad
660 1466 723 1559 &gb
741 1468 835 1554 ‘d'ur'm
846 1482 943 1561 quam
959 1482 1001 1542 ad
1016 1503 1090 1562 cog·
1147 1478 1165 1495 ”

68 1565 283 1636 noscendum,
298 1566 467 1638 venimus3
489 1585 570 1645 quos
594 1566 628 1626 in
652 1564 732 1638 foro,
746 1585 826 1645 quos
850 1568 885 1627 in
901 1565 1090 1640 ambitione,

68 1668 149 1731 quos
165 1651 201 1712 in
217 1669 253 1710 re
268 1648 410 1729 publici,
425 1668 505 1729 quos
526 1651 562 1711 in
584 1650 766 1711 amicorum
784 1651 934 1729 negotiis,
949 1670 1002 1712 res
1017 1653 1090 1734 ipsa

9 1798 13 1819 ὑ
68 1730 328 1819 antelconfecit,
341 1733 438 1814 quam
461 1753 632 1815 possemus
656 1734 780 1812 aliquid
803 1734 842 1797 de
866 1734 965 1796 rebus
988 1734 1090 1798 tantis

69 1808 255 1900 hdsplcaril
298 1810 399 1899 Quod
422 1818 450 1879 si
465 1817 525 1891 tibi
548 1826 678 1879 tantum
701 1819 735 1879 in
758 1819 851 1881 nobis
864 1820 995 1881 videtur
1010 1840 1090 1893 esse,

9 1934 13 1951 ›
69 1902 188 1982 quibus
204 1902 308 1964 etiarn
322 1898 357 1961 si‘
364 1900 546 1979 ingenium
553 1902 601 1982 (ut
621 1910 658 1962 tu
672 1901 780 1982 putas)
797 1922 863 1964 non
877 1904 1020 1967 maxime
1036 1903 1090 1969 de·

69 1986 142 2059 fuit,
157 1985 310 2048 doctrina
325 1987 599 2128 fflssldlium’
614 1994 657 2057 et,
670 1985 814 2059 hercule,
829 1987 932 2055 etiam
946 1972 1096 2049 stitutio
1107 1988 1128 2015 ι

69 2070 150 2132 illud
166 2068 314 2131 discendi
330 2087 370 2128 ac
391 2088 527 2130 rumum
547 2068 669 2141 defuit3
691 2069 768 2148 quid
784 2089 907 2143 censes,
922 2073 958 2142 si,
973 2071 1017 2131 ad
1032 2071 1089 2132 ali·

41 2206 44 2209 ,
71 2156 165 2233 cnjus
179 2153 352 2233 ingenium
367 2153 422 2213 vel
443 2155 561 2230 maJ'us,
575 2153 642 2226 illa,
657 2173 730 2232 quae
752 2173 814 2232 ego
836 2175 902 2216 non
916 2156 1021 2233 attigi,
1037 2175 1090 2216 ac·

71 2235 252 2300 cesserint?
275 2237 408 2316 qualem
419 2237 512 2299 illum
527 2246 560 2299 et
575 2245 735 2317 quantum
746 2246 909 2300 oratorem
920 2236 1089 2300 futurum?
1174 2232 1179 2241 ’

109 2321 230 2385 XVIII.
253 2320 341 2382 Tum
357 2320 528 2394 Antonius
543 2319 667 2384 Probas
681 2321 771 2395 mihi,
786 2323 899 2403 inquit,
911 2325 984 2395 ista,
996 2322 1091 2383 Cras·
1135 2360 1141 2373 ·

9 2414 12 2433 ⁸
70 2424 112 2478 se,
127 2425 204 2486 quae
220 2403 320 2466 dicis:
343 2425 406 2466 nec
421 2404 545 2478 dubito,
560 2406 638 2485 quib
660 2406 765 2467 multo
780 2407 979 2488 'locupletior
994 2407 1029 2467 in
1044 2405 1091 2467 di·

9 2552 11 2561 ,
70 2490 173 2573 cende
189 2488 322 2551 futurus
345 2489 396 2560 sit,
412 2491 439 2550 si
454 2491 527 2569 quis
551 2491 698 2551 omnium
720 2508 831 2553 rerum
853 2499 953 2569 atque
969 2491 1091 2551 artium

46 2570 235 2636 *rationem
260 2582 481 2653 naturamque
508 2573 799 2653 comprehenderit.
844 2573 919 2654 Sed,
940 2574 1091 2653 primum,

71 2657 102 2720 id
116 2657 254 2720 difficile
269 2666 320 2719 est
340 2656 441 2729 factu,
456 2660 638 2738 praesertim
660 2659 693 2719 in
717 2655 915 2740 hae-nostra
930 2657 1005 2728 vite,
1020 2677 1091 2719 nos-

70 2744 195 2823 trisque
222 2740 514 2823 occupationibus3
541 2741 657 2803 deinde
683 2739 764 2802 illud
789 2741 891 2802 etiam
912 2741 1092 2809 verendum

69 2836 127 2899 est,
143 2845 188 2887 ne
205 2824 439 2887 abstrahamur
461 2825 504 2886 ab
519 2826 583 2887 hac
605 2826 849 2899 exercitatione,
864 2835 898 2887 et
920 2834 1091 2888 consuetu-

70 2909 145 2972 dine
158 2909 290 2971 dicendi
301 2908 454 2990 populari
466 2920 498 2972 et
509 2910 639 2972 forensi
684 2909 784 2972 Aliud
795 2912 883 2972 enim
897 2910 978 2972 mihi
992 2909 1091 2990 quod·

9 3006 11 3025 ’
68 2992 147 3055 dam
163 3013 270 3073 genus
293 2994 450 3054 orationis
475 3014 546 3061 esse
570 2994 699 3055 videtur
721 3013 835 3055 eorum
857 2994 1035 3067 hominum,
1050 2994 1091 3056 de
1163 3069 1164 3072 Ἴ

70 3078 191 3158 quibus
207 3077 309 3159 paulb
325 3078 403 3138 ante
426 3077 547 3151 dixisti,
561 3079 713 3158 quamvis
728 3078 776 3139 illi
798 3080 912 3140 ornate
928 3087 961 3140 et
983 3079 1092 3156 gravi·
1165 3089 1177 3153 g

69 3169 132 3235 ter,
143 3171 204 3224 aut
219 3161 260 3223 de
275 3161 393 3233 natura
408 3181 527 3234 rerum,
538 3172 597 3224 aut
612 3162 652 3224 de
667 3161 821 3224 humanis
835 3163 942 3236 rebus,
956 3164 1091 3241 loquan-

9 3292 11 3309 ,
69 3255 133 3307 tur.
178 3242 333 3308 Niti‘du‘m
348 3245 511 3324 quoddam
533 3266 638 3324 genus
661 3255 709 3307 est
722 3245 899 3328 verborum
915 3255 948 3308 et
970 3247 1092 3319 laetum,
1186 3248 1188 3253 ⁴

70 3329 128 3391 sed
144 3329 309 3411 palaestrae
324 3328 430 3407 magis
445 3339 478 3391 et
493 3330 566 3403 olei,
581 3328 679 3410 quam
698 3328 796 3408 hujus
810 3330 917 3391 civilis
931 3329 1035 3392 turbae
1051 3350 1091 3391 ac

71 3411 154 3475 fori,
189 3412 344 3492 Namque
360 3423 500 3491 egomet,
515 3416 571 3493 qui
593 3412 665 3475 serti
685 3432 725 3475 ac
740 3413 857 3475 leviter
872 3413 1006 3476 Groecas
1020 3415 1090 3476 lite·

70 3516 126 3558 ras
141 3497 338 3575 attigissem,
352 3506 466 3559 tamen
482 3499 556 3559 cum
577 3518 636 3579 pro
655 3498 788 3559 consule
804 3499 837 3559 in
852 3491 1005 3561 Ciliciam
1019 3516 1090 3577 pro-

9 3610 20 3651 f»
68 3580 206 3642 ficinens
222 3579 373 3642 Athenas
389 3582 562 3654 venissem,
579 3582 764 3662 complures
781 3591 858 3643 tum
872 3583 917 3644 ibi
933 3582 1003 3643 dies
1018 3599 1091 3640 sum

69 3665 399 3746 propter-navigandi
420 3664 649 3727 difficultatem
671 3674 912 3727 commoratus:
935 3663 1001 3735 sed,
1016 3664 1092 3724 eum

9 3751 21 3779 ³
71 3747 217 3828 quotidie
232 3768 364 3810 mecum
385 3748 543 3810 haberem
564 3749 713 3811 homines
727 3749 938 3815 doctissimos,
953 3764 1010 3805 eos
1023 3744 1091 3804 fere

9 3868 19 3891 ,
71 3833 160 3913 ipsos
171 3833 230 3913 qui
245 3832 305 3893 abs
320 3842 353 3893 te
368 3831 465 3894 modo
480 3840 556 3893 sunt
570 3830 889 3902 nominatimque
904 3825 966 3884 hoc
982 3826 1092 3883 nescio
