2444 4276
97 343 163 403 tto
472 356 680 399 sores-urs.
702 357 747 400 ιιι.

516 502 576 553 Gar.
594 502 697 553 10-14

132 607 219 671 Itaque
231 606 338 657 Crassus
349 604 436 655 docet
457 604 479 652 1
496 604 628 654 dicendum
643 621 698 654 osso
715 604 873 657 Latinesire
886 622 968 684 parer
988 606 1014 656 2.
1028 607 1122 684 ptam

97 671 232 789 gramsta
223 673 307 733 ,quod
323 670 401 721 fusius
412 671 528 733 explicat,
539 670 683 734 priusquam
699 672 815 738 ostendit,
831 674 855 721 4.
871 673 947 723 otiam
964 679 1024 739 apte
1036 672 1121 724 dioen-

131 848 197 897 Sect
211 848 248 895 11.
272 845 406 907 Putidiue]
440 843 523 894 Nimis
534 842 671 909 diligenter,
682 842 816 895 fastidiosa

56 983 61 991 ,
132 932 268 982 Obscurerr'
279 931 463 994 negligentius]
497 928 609 981 Obscura
620 946 682 981 voce
692 930 777 980 efferri.

133 1017 215 1078 Quasi
226 1016 343 1066 eadelm
353 1016 472 1079 grauius]
505 1015 635 1080 Magnoet
646 1016 844 1079 orisetpeotoris
855 1018 1123 1080 constupronnntiata.
1220 1030 1221 1047 ¹

133 1103 216 1162 Quom
226 1100 329 1164 Latine]
363 1100 414 1159 Qui
426 1108 485 1150 sunt
497 1100 583 1149 Βοιιιιι
595 1102 648 1149 nati
664 1100 749 1150 minus
760 1117 786 1150 se
797 1100 924 1165 applicant
935 1103 968 1150 ad
985 1108 1052 1152 artes
1063 1103 1123 1153 libo·

97 1187 168 1244 rales,
180 1203 255 1250 quam
267 1187 351 1248 reliqui
362 1186 430 1236 Latii
442 1185 519 1236 cives.

129 1270 238 1321 Athenio
250 1273 308 1335 jam
325 1271 371 1320 diu
382 1271 506 1334 doctum]
541 1270 668 1321 Ciceronis
686 1277 796 1334 temporo
810 1271 968 1320 Athenarum
987 1276 1063 1322 vetus
1082 1273 1124 1323 illa

60 1352 64 1357 ’
97 1355 175 1422 gloria
187 1356 338 1414 conciderat,
350 1371 397 1405 noc
409 1356 542 1419 quicquam
553 1361 640 1418 praetor
650 1370 743 1404 »omen
757 1362 829 1418 atque
841 1357 986 1404 memoriam
997 1357 1124 1406 restabatr
1220 1380 1221 1409 fi

97 1440 193 1506 regibus
212 1442 296 1505 primo,
315 1441 469 1491 Macedoniae
487 1439 632 1503 praesertim,
649 1448 704 1489 tum
725 1439 845 1489 Romanis
866 1439 926 1503 ipsis
945 1439 1123 1506 affligentibus
1220 1426 1221 1479 i

99 1523 184 1584 Quare
195 1527 309 1595 perigrini
319 1527 346 1575 in
356 1541 386 1576 es
397 1527 510 1575 hominos
521 1524 699 1589 philosophiam
710 1532 785 1589 atquo
796 1526 959 1588 eloquentiam
973 1526 1123 1588 profiteban-

98 1616 151 1661 tur:
167 1610 204 1660 ita
215 1618 300 1660 tamen
318 1619 346 1661 ut
364 1612 416 1660 sola
427 1612 533 1660 nominis
549 1609 696 1661 auctoritato
713 1609 824 1667 adducti,
836 1610 930 1673 passim
941 1626 973 1659 ox
992 1617 1045 1660 toto
1055 1612 1123 1670 orbo,

97 1696 279 1759 disciplinarum
290 1697 378 1754 studio,
388 1695 503 1744 Athenas
511 1696 655 1760 navigarent
667 1695 711 1744 diu
721 1695 797 1744 etiam
809 1702 863 1759 post
871 1694 1000 1745 Ciceronis
1012 1702 1124 1746 etatem.

98 1781 173 1845 Apud
191 1782 323 1847 synesium
333 1787 415 1831 exstat
431 1782 532 1845 elegeris
549 1782 658 1844 epistola,
675 1794 725 1844 qua
744 1781 845 1829 inanem
864 1781 933 1830 iilam
951 1758 1124 1833 curiositatem

97 1866 176 1930 lepido
189 1865 327 1915 cavillatur.
360 1866 427 1915 Sane
438 1865 514 1917 luisse
525 1863 633 1914 Athonis
649 1870 744 1914 certam
760 1865 887 1929 quandam
898 1881 1004 1929 eamque
1020 1865 1125 1929 purissi-

97 1964 167 2000 mam
184 1949 372 2014 pronuntiandis
390 1950 481 2016 linques
498 1949 595 1999 Graecas
613 1950 742 2008 rationem,
752 1950 793 1998 vel
812 1949 860 1998 hoo
875 1964 954 1999 unum
970 1949 1064 2000 indieio
1075 1957 1124 2010 est,

97 2036 255 2100 quodquam
266 2035 462 2099 theophrastus,
473 2035 513 2084 vol
525 2034 615 2099 alioqui
632 2033 725 2084 Attica
745 2033 888 2096 eloquentia
909 2039 1068 2085 consectator
1080 2051 1123 2086 ao·

98 2120 537 2185 oerrimus‚sedporeg1inus,auum
548 2120 717 2182 alloqueretur,
736 2133 780 2182 pro
798 2118 896 2182 hospite
908 2119 982 2171 facile
995 2119 1028 2169 sit
1047 2121 1080 2169 ah
1091 2114 1125 2170 ea'

99 2205 273 2268 deprehensus
306 2205 378 2254 Idem
395 2203 482 2254 Βοιιιιιι
499 2203 554 2263 fuit,
566 2205 630 2267 quod
646 2204 678 2254 ad
697 2203 815 2254 latinam
832 2202 945 2270 linguam
955 2205 1055 2264 attinet,
1066 2221 1123 2270 pro·

97 2288 228 2341 annuendi
238 2288 397 2353 principatus.

132 2376 199 2425 Soet
211 2374 250 2424 12.
278 2374 364 2436 Veste]
401 2373 478 2424 Vasta
496 2380 536 2424 eet
554 2374 630 2424 nimis
647 2373 748 2424 duroto
763 2386 813 2433 ore,
830 2373 922 2424 tuatim
939 2389 1009 2424 moro
1028 2388 1122 2439 aspere.

97 2459 198 2519 Praese,
209 2460 240 2509 do
251 2475 313 2510 roco
324 2458 449 2524 significat
459 2460 554 2517 leniter,
565 2460 682 2517 suaviter,
694 2474 744 2508 non
755 2465 831 2509 veste.
865 2458 941 2518 Leto,
952 2460 979 2508 in
989 2459 1123 2524 pronunci-

97 2546 163 2595 ando
172 2545 237 2594 idom
249 2550 288 2594 est
299 2543 395 2602 vidua,
407 2545 470 2613 quod
482 2549 634 2596 ostreatum
647 2542 744 2594 dicitur.

130 2630 198 2680 Soet.
212 2629 249 2679 1³.
269 2629 361 2693 Neque
371 2642 428 2679 asro
445 2631 473 2679 ιἰι
489 2628 534 2678 illo
550 2629 629 2679 altero
647 2627 756 2692 diadas]
789 2628 933 2678 Secundam
949 2634 1122 2694 partemque»
1220 2680 1221 2689 ,

97 2720 150 2764 erat
167 2715 198 2763 do
214 2714 388 2778 perspicuitate
406 2713 529 2773 orationis,
546 2715 644 2771 omittit,
663 2714 780 2776 quonism
797 2714 858 2762 satis
874 2728 919 2777 per
934 2729 962 2762 se
978 2714 1060 2763 facilis
1077 2721 1121 2764 ost.

98 2796 225 2858 Quadam
239 2804 324 2849 mon
335 2812 366 2849 ox
377 2800 464 2863 quibus
481 2799 568 2849 hahori
585 2800 627 2848 illa
644 2800 721 2862 possit
738 2798 816 2849 virtus
827 2796 934 2857 dicendi,
945 2799 1052 2848 brevitor
1062 2814 1121 2849 ena.

96 2888 184 2935 meret
218 2883 283 2933 Sunt
292 2886 402 2953 ‘numero
412 2885 507 2934 decom.
541 2883 609 2933 Parit
620 2885 687 2934 onim
703 2883 838 2935 dilucidam
848 2885 986 2933 orationem
1001 2883 1122 2951 sermonis

96 2967 227 3033 proprietas
238 2973 263 3017 et
278 2968 371 3030 puritas
383 2968 474 3027 Latini,
486 2982 541 3032 qua
552 2975 589 3018 est
602 2968 683 3032 prima
693 2985 756 3032 pora
789 2968 813 3016 2.
829 2967 911 3017 Voees
921 2969 1030 3028 usitata,
1041 2982 1121 3033 aequo

96 3059 141 3103 ast
150 3057 276 3103 ammte
284 3053 407 3110 ohmletra
417 3059 461 3104 aut
470 3054 552 3103 studio
563 3053 681 3107 novioris
692 3053 833 3105 insolentes.
867 3053 892 3101 3.
910 3052 1007 3115 Propria
1018 3068 1072 3103 rom
1081 3055 1121 3104 do·

96 3139 228 3198 cluentes,
237 3139 642 3203 accommodataqua'rehus,quas
654 3138 813 3204 significarim
830 3145 907 3201 quum
917 3139 1120 3204 nequemajeste-
1220 3140 1221 3149 ¹

95 3222 556 3282 temeammminuunt,nocohrum1t
572 3223 726 3274 tenuitatem
759 3226 782 3272 4.
799 3222 948 3272 Raseoanda
958 3224 1041 3272 omnis
1052 3225 1121 3276 verbi
1220 3218 1221 3253 ³

95 3320 127 3356 aa
137 3307 259 3357 sermonis
272 3308 433 3373 ambiguitas:
463 3310 487 3358 5.
501 3309 613 3359 Vitanda
628 3308 706 3358 nimia
722 3310 851 3358 verborum
868 3307 989 3366 circuitio,
1001 3310 1120 3371 quoniam

95 3396 196 3440 auctore
207 3393 273 3440 enim
284 3392 442 3458 Hermogene
452 3400 560 3457 ιεριωῆ,
571 3394 599 3443 id
608 3402 656 3450 oet,
665 3393 782 3452 ambitus,
791 3401 816 3442 et
828 3394 949 3456 producto
959 3396 1119 3458 eompreheu.

95 3474 211 3526 siecum
233 3478 405 3541 perspicuitate
425 3480 555 3542 repugnat.
589 3478 615 3531 a
636 3479 760 3529 Tollenda
782 3478 950 3529 similitudinis
972 3480 1121 3552 continuata

94 3562 230 3620 mandatio,
237 3562 286 3611 hoo
297 3568 341 3621 eat,
350 3578 382 3612 no
390 3565 541 3626 metaphora
552 3563 656 3614 nlnriurn
667 3554 806 3624 metemur,
813 3565 930 3629 quoniam
938 3564 964 3614 id
975 3565 1003 3614 iss
1011 3565 1120 3631 aenigma

94 3645 216 3693 aaudiat
250 3646 273 3693 7.
288 3645 348 3694 Non
359 3644 447 3696 delient
462 3647 608 3698 minutatim
622 3650 751 3699 conscindi
768 3649 908 3708 tentanda,
920 3651 965 3700 sed
981 3653 1120 3716 expromat

95 3724 129 3774 ad
143 3724 510 3789 Jrrstam'meneurard'suhssri
526 3737 600 3795 atque
616 3744 701 3784 sensas
716 3734 827 3799 produci.
861 3735 885 3785 8.
903 3735 1119 3801 Temporumser‘-
1220 3722 1221 3749 ³

95 3809 179 3859 vande
188 3809 311 3862 mser
321 3817 368 3871 eet,
379 3819 409 3863 ut
419 3828 465 3864 suo
475 3830 579 3880 ququo
591 3819 738 3872 uihuautar.
770 3822 794 3873 9.
808 3820 944 3874 &dolona
958 3834 1119 3888 perseum
