2444 4276
333 408 375 454 cn
396 406 537 450 canrosa
558 408 647 450 nmen
667 406 805 452 manos.
1021 392 1082 456 icc

59 554 193 636 aliquid·
207 555 345 628 intersit,
359 555 535 636 quaer-itum
556 565 594 617 ut
614 564 747 619 metuere
764 564 799 619 et
820 554 923 619 cardini
933 579 945 628 ,·
967 565 1005 618 ut
1026 578 1084 619 rec

58 649 93 701 et
114 640 273 722 tyrd'nnus
284 663 296 710 ,⁰
318 650 355 701 ut
378 636 550 701 ossemdtor
571 649 604 702 et
626 639 768 702 oml'cusr
791 641 883 713 alter,
898 642 982 713 crim,
1004 641 1082 722 quid

58 733 193 805 praestet
209 724 300 785 aliud
315 724 381 794 alii,
396 727 572 803 quaeritur3
588 733 625 785 ut
639 725 728 796 illud,
742 724 772 786 Ο
795 726 908 787 timine
924 727 1080 805 cujusque

59 809 237 889 sapientes,
253 828 297 869 an
311 808 471 889 populari,
486 808 583 869 laude
598 746 794 871 ducanturi)
829 809 936 889 Atque
949 830 997 872 eoe
1012 812 1081 890 qui·

59 891 134 954 dem
150 892 416 972 disceptationes
431 912 504 971 quae
527 892 569 954 ad
591 894 810 970 cognitionem
824 893 1019 968 referuntur,
1034 897 1081 957 sic

59 976 146 1039 sere*
144 997 166 1037 a
181 978 377 1039 doctissimis
391 975 577 1038 hominibus
591 976 827 1039 describuntur.
851 1006 883 1047 12·

100 1060 208 1123 XXX.
231 1059 317 1136 Quae
332 1060 410 1121 verd
431 1060 618 1122 referuntur
636 1061 679 1121 ad
694 1061 869 1141 agendum,
885 1071 944 1124 aut
965 1065 999 1124 in
1014 1062 1081 1125 offi-

59 1145 102 1206 cii
117 1145 358 1225 disceptatione
373 1153 555 1216 versantur,
573 1146 650 1225 (quo
664 1147 698 1207 in
718 1166 848 1224 genere,
863 1147 940 1226 quid
954 1157 1081 1209 rectum

57 1227 313 1308 faciendumque
329 1230 380 1300 sit,
395 1231 571 1309 quaeritur3
594 1230 647 1290 cui
669 1229 741 1292 loco
755 1232 1032 1315 omnisvirtutum
1048 1239 1082 1294 et

58 1314 217 1375 vitiorum
242 1324 292 1374 est
318 1314 404 1375 silva
428 1311 600 1391 subjecta)
627 1322 685 1375 aut
706 1317 741 1377 in
764 1317 947 1376 animorum
971 1316 1082 1394 aliqua

58 1400 265 1478 permotione
281 1407 340 1458 aut
361 1398 534 1476 gignendi,
550 1407 607 1458 aut
630 1397 773 1459 sedandi
786 1398 980 1469 tollenddve,
995 1409 1080 1460 trac·

58 1490 184 1543 tantur.
229 1480 318 1543 Huic
344 1482 457 1559 generi
480 1482 637 1560 subjectae
659 1493 735 1544 sunt
757 1482 1006 1554 cohortationes,
1026 1483 1081 1544 ob·

55 1565 276 1644 jurgationeS,
300 1567 548 1638 consolationes
577 1569 814 1639 miserationes
843 1568 1011 1645 omnisque
1037 1566 1081 1629 ad
1102 1582 1105 1589 '

58 1644 194 1712 omnem
217 1651 319 1711 animi
343 1659 467 1711 motum
491 1659 524 1712 et
549 1651 764 1732 impulsio,‚et
790 1652 830 1732 (si
851 1652 901 1713 ita
914 1670 968 1713 res
982 1649 1078 1731 feret)

57 1735 234 1812 mitigatio.
542 1756 546 1761 ·

11 1820 12 1823 ’
101 1818 290 1899 Explicatis
313 1818 415 1896 igitur
435 1817 485 1880 his
508 1817 683 1896 generibus
698 1838 739 1880 ac
754 1818 858 1880 modis
872 1819 1077 1901 disceptatio

57 1921 140 1963 num
156 1903 312 1974 omniurn,
327 1902 407 1963 nihil
431 1902 511 1964 sane
526 1902 570 1963 ad
592 1921 663 1963 rem
685 1904 836 1983 pertinet,
852 1904 880 1963 si
904 1904 967 1984 qud
988 1905 1022 1965 in
1045 1923 1079 1965 re
1116 1924 1125 1931 ·

58 1984 239 2066 discrepuit
262 1985 304 2047 ab
328 1987 463 2048 Antonii
478 1985 636 2048 divisione
659 1995 771 2048 nostra
785 1987 940 2069 partitlo;
963 1987 1080 2050 eadem

58 2072 150 2132 enirn
171 2079 247 2131 sunt
269 2069 417 2131 membra
431 2072 465 2133 in
479 2071 649 2149 utriusque
664 2070 894 2151 disputatione,
909 2072 966 2134 sed
980 2072 1081 2154 paulo

59 2172 157 2216 secus
174 2174 195 2216 a
210 2174 262 2215 me
279 2150 378 2233 atque
390 2152 432 2214 ab
447 2154 503 2215 illo
517 2157 641 2236 partita
656 2175 695 2215 ac
711 2155 893 2218 distributa.
924 2155 1022 2219 Nunc
1038 2156 1080 2218 ad

57 2239 191 2318 reliqua
204 2238 404 2318 progrediar,
418 2258 534 2318 meque
550 2238 593 2299 ad
615 2258 726 2301 meum
746 2259 864 2302 munus
878 2260 1080 2321 pensumque

57 2321 235 2384 revocabo.
280 2321 378 2394 Nam,
394 2342 436 2383 ex
459 2323 523 2383 illis
546 2322 626 2385 locis
645 2342 725 2403 quos
739 2326 888 2405 exposuit
908 2326 1080 2398 Antonius,

57 2409 174 2468 omnia
188 2415 272 2479 sunt,
288 2406 330 2467 ad
351 2426 489 2487 quaeque
505 2426 629 2484 genera
642 2409 868 2486 quaestionum,
883 2419 1081 2487 argumenta

57 2490 241 2552 sumenda:
256 2490 313 2551 sed
328 2491 402 2552 aliis
417 2490 592 2569 generibus
607 2492 665 2552 alii
680 2491 743 2552 loci
759 2491 864 2571 magis
879 2501 976 2555 erunt
990 2494 1079 2572 apti3

57 2576 99 2637 de
117 2593 192 2655 quo,
207 2594 271 2635 non
293 2586 363 2636 tam
386 2577 464 2654 quia
485 2576 621 2654 longum
635 2584 694 2646 est,
709 2575 807 2655 quem
821 2577 900 2656 quia
914 2579 1080 2656 perspicu-

56 2679 126 2731 um,
141 2658 208 2721 dici
222 2657 302 2720 nihil
317 2667 367 2721 est
388 2679 532 2721 necesse.

103 2744 329 2805 Ornatissimae
352 2751 427 2804 sunt
449 2745 550 2822 igitur
570 2745 735 2805 orationes
757 2762 815 2815 eae,
829 2763 903 2823 quae
922 2744 1080 2806 latissime

59 2836 238 2906 vagantur,
253 2835 296 2898 et,
311 2847 333 2888 a
354 2828 484 2908 privati
505 2847 545 2889 ac
568 2828 726 2905 singulari
742 2830 971 2901 controversis,
986 2849 1021 2890 se
1037 2828 1080 2890 ad

58 2912 206 2974 universi
221 2913 350 2989 generis
365 2912 434 2972 virn
448 2911 678 2991 explicandam
699 2911 870 2974 conferunt
892 2922 925 2975 et
947 2933 1080 2975 conver-

60 3005 157 3058 tunt:
172 3003 210 3056 ut
225 2997 249 3057 ii
264 2997 318 3074 qui
334 2996 481 3066 audiunt,
497 2996 622 3067 natura,
638 3005 671 3057 et
685 3016 815 3073 genere,
830 3005 864 3059 et
878 2999 1030 3060 universa
1044 3019 1080 3061 re

61 3080 202 3160 cognita,
214 3080 253 3140 de
266 3081 403 3157 singulis
414 3081 488 3152 reis,
500 3089 532 3140 et
548 3074 746 3153 criminibus,
759 3090 792 3143 et
807 3080 920 3143 litibus
934 3091 1080 3144 statuere

60 3166 197 3246 possint.
229 3163 328 3226 Hauc
344 3163 386 3225 ad
401 3162 670 3226 consuetudinem
686 3167 929 3227 exercitationis
942 3185 1010 3238 vos,
1026 3166 1080 3228 ad·

60 3250 253 3320 olesccntes
275 3257 325 3309 est
348 3248 537 3310 cohortatus
558 3248 743 3319 Antonius3
773 3258 881 3328 atque,
903 3269 926 3310 a
946 3251 1081 3312 minutis

60 3334 275 3411 angustisque
299 3331 604 3403 concertationibus,
628 3331 670 3392 ad
694 3352 824 3393 omnem
848 3334 917 3395 vim
939 3335 1080 3396 varieta-

59 3427 193 3496 temque
209 3437 268 3477 vos
283 3416 461 3478 disserendi
475 3414 692 3477 traducendos
704 3418 842 3495 putavit.
887 3416 1000 3493 Quare
1016 3439 1081 3480 non

61 3511 110 3564 est
134 3518 315 3581 paucorum
338 3501 521 3562 libellorum
544 3499 604 3560 hoc
627 3518 753 3572 munus,
769 3509 805 3561 ut
827 3502 859 3571 ii,
874 3503 929 3580 qui
945 3503 1081 3582 scripse·
1122 3514 1130 3528 '

61 3596 139 3648 runt
154 3583 194 3646 de
210 3584 338 3647 dicendi
354 3587 490 3654 ratione,
506 3583 656 3644 arbitrati
672 3594 756 3655 sunt,
770 3604 875 3663 neque
891 3574 1082 3658 Tusculani,

62 3678 162 3750 atque
178 3667 275 3748 hujus
287 3668 520 3731 ambulationis
532 3668 809 3740 antemeridianae,
819 3677 877 3730 aut
892 3677 1010 3730 nostrae
1026 3688 1080 3748 po-

62 3753 256 3816 meridiana
279 3754 440 3815 sessionis.
485 3750 560 3814 Non
584 3754 673 3813 enim
696 3753 800 3814 solnm
823 3750 973 3815 acuenda
987 3751 1081 3813 nobis

62 3847 163 3919 atque
184 3836 394 3918 procudenda
415 3835 530 3912 lingua
544 3845 603 3906 est,
617 3835 675 3897 sed
696 3835 897 3897 onerandum
917 3834 1079 3912 complen-
