<?xml version="1.0" encoding="UTF-8"?>
<!DOCTYPE html PUBLIC "-//W3C//DTD XHTML 1.0 Transitional//EN"
    "http://www.w3.org/TR/xhtml1/DTD/xhtml1-transitional.dtd">
<html xmlns="http://www.w3.org/1999/xhtml" xml:lang="en" lang="en">
 <head>
  <title>
</title>
<meta http-equiv="Content-Type" content="text/html;charset=utf-8" />
  <meta name='ocr-system' content='tesseract 3.04.00' />
  <meta name='ocr-capabilities' content='ocr_page ocr_carea ocr_par ocr_line ocrx_word'/>
</head>
<body>
  <div class='ocr_page' id='page_1' title='image "./mtulliiciceroni00kinggoog_0200.png"; bbox 0 0 2444 4276; ppageno 0'>
   <div class='ocr_carea' id='block_1_1' title="bbox 63 324 1212 477">
    <p class='ocr_par' dir='ltr' id='par_1_1' title="bbox 63 324 1212 477">
     <span class='ocr_line' id='line_1_1' title="bbox 63 324 1212 477; baseline -0.007 -70"><span class='ocrx_word' id='word_1_1' title='bbox 63 352 69 359; x_wconf 87' lang='lat'><strong>&#39;</strong></span> <span class='ocrx_word' id='word_1_2' title='bbox 137 346 198 407; x_wconf 77' lang='lat' dir='ltr'><strong>lea</strong></span> <span class='ocrx_word' id='word_1_3' title='bbox 410 362 450 404; x_wconf 80' lang='lat' dir='ltr'><strong>ne</strong></span> <span class='ocrx_word' id='word_1_4' title='bbox 470 361 611 403; x_wconf 73' lang='lat' dir='ltr'><strong>eurora</strong></span> <span class='ocrx_word' id='word_1_5' title='bbox 631 361 720 403; x_wconf 75' lang='lat' dir='ltr'><strong>amer</strong></span> <span class='ocrx_word' id='word_1_6' title='bbox 740 361 876 402; x_wconf 79' lang='lat' dir='ltr'><strong>mritis.</strong></span> <span class='ocrx_word' id='word_1_7' title='bbox 1209 324 1212 477; x_wconf 80' lang='grc' dir='ltr'>Ι</span> 
     </span>
    </p>
   </div>
   <div class='ocr_carea' id='block_1_2' title="bbox 133 504 1216 2025">
    <p class='ocr_par' dir='ltr' id='par_1_2' title="bbox 133 504 1215 1599">
     <span class='ocr_line' id='line_1_2' title="bbox 134 504 1213 595; baseline -0.005 -21"><span class='ocrx_word' id='word_1_8' title='bbox 134 510 317 592; x_wconf 76' lang='lat' dir='ltr'>depellendi</span> <span class='ocrx_word' id='word_1_9' title='bbox 342 509 444 571; x_wconf 78' lang='lat' dir='ltr'><strong>cause</strong></span> <span class='ocrx_word' id='word_1_10' title='bbox 470 515 602 589; x_wconf 88' lang='lat' dir='ltr'><strong>reperta</strong></span> <span class='ocrx_word' id='word_1_11' title='bbox 629 507 744 589; x_wconf 77' lang='lat' dir='ltr'><strong>primo,</strong></span> <span class='ocrx_word' id='word_1_12' title='bbox 768 506 841 587; x_wconf 78' lang='lat' dir='ltr'><strong>pdst</strong></span> <span class='ocrx_word' id='word_1_13' title='bbox 870 506 1020 568; x_wconf 85' lang='lat' dir='ltr'><strong>adhiberi</strong></span> <span class='ocrx_word' id='word_1_14' title='bbox 1041 514 1157 588; x_wconf 74' lang='lat' dir='ltr'><strong>crepta</strong></span> <span class='ocrx_word' id='word_1_15' title='bbox 1212 504 1213 595; x_wconf 66' lang='lat' dir='ltr'><strong>l</strong></span> 
     </span>
     <span class='ocr_line' id='line_1_3' title="bbox 134 590 1213 687; baseline -0.006 -29"><span class='ocrx_word' id='word_1_16' title='bbox 134 605 185 659; x_wconf 86' lang='lat' dir='ltr'><strong>est</strong></span> <span class='ocrx_word' id='word_1_17' title='bbox 207 593 250 656; x_wconf 87' lang='lat' dir='ltr'><strong>ad</strong></span> <span class='ocrx_word' id='word_1_18' title='bbox 264 604 418 656; x_wconf 90' lang='lat' dir='ltr'><strong>ornatum</strong></span> <span class='ocrx_word' id='word_1_19' title='bbox 431 592 535 654; x_wconf 87' lang='lat' dir='ltr'><strong>etiam</strong></span> <span class='ocrx_word' id='word_1_20' title='bbox 549 592 693 672; x_wconf 84' lang='lat' dir='ltr'><strong>corporis</strong></span> <span class='ocrx_word' id='word_1_21' title='bbox 707 601 741 652; x_wconf 89' lang='lat' dir='ltr'><strong>et</strong></span> <span class='ocrx_word' id='word_1_22' title='bbox 756 591 973 668; x_wconf 67' lang='lat' dir='ltr'><strong>dignitatem</strong></span> <span class='ocrx_word' id='word_1_23' title='bbox 996 593 1044 653; x_wconf 90' lang='lat' dir='ltr'><strong>sic</strong></span> <span class='ocrx_word' id='word_1_24' title='bbox 1059 590 1159 652; x_wconf 91' lang='lat' dir='ltr'><strong>verbi</strong></span> <span class='ocrx_word' id='word_1_25' title='bbox 1212 654 1213 687; x_wconf 72' lang='lat'><strong>,</strong></span> 
     </span>
     <span class='ocr_line' id='line_1_4' title="bbox 133 674 1159 756; baseline -0.006 -14"><span class='ocrx_word' id='word_1_26' title='bbox 133 679 308 743; x_wconf 70' lang='lat' dir='ltr'><strong>translatio</strong></span> <span class='ocrx_word' id='word_1_27' title='bbox 322 679 475 740; x_wconf 90' lang='lat' dir='ltr'><strong>instituta</strong></span> <span class='ocrx_word' id='word_1_28' title='bbox 489 684 540 738; x_wconf 89' lang='lat' dir='ltr'><strong>est</strong></span> <span class='ocrx_word' id='word_1_29' title='bbox 554 677 672 756; x_wconf 79' lang='lat' dir='ltr'><strong>inopiae</strong></span> <span class='ocrx_word' id='word_1_30' title='bbox 687 676 797 747; x_wconf 77' lang='lat' dir='ltr'><strong>causi,</strong></span> <span class='ocrx_word' id='word_1_31' title='bbox 811 674 1032 752; x_wconf 88' lang='lat' dir='ltr'><strong>frequentata,</strong></span> <span class='ocrx_word' id='word_1_32' title='bbox 1046 674 1159 736; x_wconf 83' lang='lat' dir='ltr'><strong>delec-</strong></span> 
     </span>
     <span class='ocr_line' id='line_1_5' title="bbox 134 755 1160 842; baseline -0.008 -16"><span class='ocrx_word' id='word_1_33' title='bbox 134 764 278 826; x_wconf 78' lang='lat' dir='ltr'><strong>tationis.</strong></span> <span class='ocrx_word' id='word_1_34' title='bbox 322 761 412 823; x_wconf 89' lang='lat' dir='ltr'><strong>Nam</strong></span> <span class='ocrx_word' id='word_1_35' title='bbox 431 780 592 842; x_wconf 84' lang='lat' dir='ltr'><strong>gemmare</strong></span> <span class='ocrx_word' id='word_1_36' title='bbox 614 758 698 829; x_wconf 78' lang='lat' dir='ltr'><strong>uites,</strong></span> <span class='ocrx_word' id='word_1_37' title='bbox 721 758 875 820; x_wconf 78' lang='lat' dir='ltr'><strong>lusuriem</strong></span> <span class='ocrx_word' id='word_1_38' title='bbox 894 776 958 818; x_wconf 81' lang='lat' dir='ltr'><strong>esse</strong></span> <span class='ocrx_word' id='word_1_39' title='bbox 983 755 1019 818; x_wconf 86' lang='lat' dir='ltr'><strong>in</strong></span> <span class='ocrx_word' id='word_1_40' title='bbox 1042 757 1160 831; x_wconf 75' lang='lat' dir='ltr'><strong>herbis,</strong></span> 
     </span>
     <span class='ocr_line' id='line_1_6' title="bbox 134 814 1213 927; baseline -0.002 -18"><span class='ocrx_word' id='word_1_41' title='bbox 134 847 222 909; x_wconf 71' lang='lat' dir='ltr'><strong>letas</strong></span> <span class='ocrx_word' id='word_1_42' title='bbox 244 854 370 927; x_wconf 78' lang='lat' dir='ltr'><strong>segetes,</strong></span> <span class='ocrx_word' id='word_1_43' title='bbox 394 847 496 907; x_wconf 89' lang='lat' dir='ltr'><strong>etiam</strong></span> <span class='ocrx_word' id='word_1_44' title='bbox 521 843 634 905; x_wconf 81' lang='lat' dir='ltr'><strong>rustici</strong></span> <span class='ocrx_word' id='word_1_45' title='bbox 657 841 778 903; x_wconf 87' lang='lat' dir='ltr'><strong>dicunt.</strong></span> <span class='ocrx_word' id='word_1_46' title='bbox 822 840 921 916; x_wconf 80' lang='lat' dir='ltr'><strong>Quod</strong></span> <span class='ocrx_word' id='word_1_47' title='bbox 941 842 1031 902; x_wconf 89' lang='lat' dir='ltr'><strong>enim</strong></span> <span class='ocrx_word' id='word_1_48' title='bbox 1045 841 1160 902; x_wconf 85' lang='lat' dir='ltr'><strong>decla·</strong></span> <span class='ocrx_word' id='word_1_49' title='bbox 1211 814 1213 907; x_wconf 73' lang='lat' dir='ltr'><strong>l</strong></span> 
     </span>
     <span class='ocr_line' id='line_1_7' title="bbox 134 912 1214 1071; baseline -0.009 -76"><span class='ocrx_word' id='word_1_50' title='bbox 134 933 202 997; x_wconf 88' lang='lat' dir='ltr'><strong>rari</strong></span> <span class='ocrx_word' id='word_1_51' title='bbox 223 932 279 993; x_wconf 83' lang='lat' dir='ltr'><strong>vix</strong></span> <span class='ocrx_word' id='word_1_52' title='bbox 300 929 401 991; x_wconf 88' lang='lat' dir='ltr'><strong>verbo</strong></span> <span class='ocrx_word' id='word_1_53' title='bbox 422 928 550 1009; x_wconf 88' lang='lat' dir='ltr'><strong>proprio</strong></span> <span class='ocrx_word' id='word_1_54' title='bbox 571 935 688 1007; x_wconf 86' lang='lat' dir='ltr'><strong>potest,</strong></span> <span class='ocrx_word' id='word_1_55' title='bbox 704 924 736 987; x_wconf 90' lang='lat' dir='ltr'><strong>id</strong></span> <span class='ocrx_word' id='word_1_56' title='bbox 750 925 909 987; x_wconf 90' lang='lat' dir='ltr'><strong>translato</strong></span> <span class='ocrx_word' id='word_1_57' title='bbox 925 926 1000 985; x_wconf 80' lang='lat' dir='ltr'><strong>crim</strong></span> <span class='ocrx_word' id='word_1_58' title='bbox 1014 935 1065 986; x_wconf 92' lang='lat' dir='ltr'><strong>est</strong></span> <span class='ocrx_word' id='word_1_59' title='bbox 1088 924 1160 986; x_wconf 88' lang='lat' dir='ltr'><strong>dic·</strong></span> <span class='ocrx_word' id='word_1_60' title='bbox 1212 912 1214 1071; x_wconf 54' lang='grc'>1</span> 
     </span>
     <span class='ocr_line' id='line_1_8' title="bbox 134 1009 1214 1090; baseline -0.006 -13"><span class='ocrx_word' id='word_1_61' title='bbox 134 1025 215 1087; x_wconf 90' lang='lat' dir='ltr'><strong>tum,</strong></span> <span class='ocrx_word' id='word_1_62' title='bbox 233 1016 379 1077; x_wconf 87' lang='lat' dir='ltr'><strong>illustrat</strong></span> <span class='ocrx_word' id='word_1_63' title='bbox 400 1011 443 1079; x_wconf 84' lang='lat' dir='ltr'><strong>id,</strong></span> <span class='ocrx_word' id='word_1_64' title='bbox 457 1010 544 1090; x_wconf 89' lang='lat' dir='ltr'><strong>quod</strong></span> <span class='ocrx_word' id='word_1_65' title='bbox 565 1011 705 1088; x_wconf 81' lang='lat' dir='ltr'><strong>intelligi</strong></span> <span class='ocrx_word' id='word_1_66' title='bbox 719 1009 879 1080; x_wconf 74' lang='lat' dir='ltr'><strong>volumus</strong></span> <span class='ocrx_word' id='word_1_67' title='bbox 893 1009 965 1086; x_wconf 75' lang='lat' dir='ltr'><strong>eJus</strong></span> <span class='ocrx_word' id='word_1_68' title='bbox 979 1010 1038 1081; x_wconf 88' lang='lat' dir='ltr'><strong>rei,</strong></span> <span class='ocrx_word' id='word_1_69' title='bbox 1053 1028 1160 1088; x_wconf 85' lang='lat' dir='ltr'><strong>quarn</strong></span> <span class='ocrx_word' id='word_1_70' title='bbox 1213 1074 1214 1077; x_wconf 51' lang='lat'><strong>,</strong></span> 
     </span>
     <span class='ocr_line' id='line_1_9' title="bbox 135 1091 1160 1177; baseline -0.006 -17"><span class='ocrx_word' id='word_1_71' title='bbox 135 1100 244 1161; x_wconf 87' lang='lat' dir='ltr'><strong>alieno</strong></span> <span class='ocrx_word' id='word_1_72' title='bbox 258 1097 360 1160; x_wconf 83' lang='lat' dir='ltr'><strong>verbo</strong></span> <span class='ocrx_word' id='word_1_73' title='bbox 374 1096 551 1177; x_wconf 86' lang='lat' dir='ltr'><strong>posuimus,</strong></span> <span class='ocrx_word' id='word_1_74' title='bbox 565 1092 752 1155; x_wconf 88' lang='lat' dir='ltr'><strong>similitudo.</strong></span> <span class='ocrx_word' id='word_1_75' title='bbox 797 1092 886 1170; x_wconf 83' lang='lat' dir='ltr'><strong>Ergo</strong></span> <span class='ocrx_word' id='word_1_76' title='bbox 900 1091 952 1153; x_wconf 81' lang='lat' dir='ltr'><strong>hae</strong></span> <span class='ocrx_word' id='word_1_77' title='bbox 966 1094 1160 1155; x_wconf 88' lang='lat' dir='ltr'><strong>translatio·</strong></span> 
     </span>
     <span class='ocr_line' id='line_1_10' title="bbox 135 1174 1160 1262; baseline -0.005 -19"><span class='ocrx_word' id='word_1_78' title='bbox 135 1201 203 1253; x_wconf 90' lang='lat' dir='ltr'><strong>nes,</strong></span> <span class='ocrx_word' id='word_1_79' title='bbox 220 1184 315 1262; x_wconf 82' lang='lat' dir='ltr'><strong>quasi</strong></span> <span class='ocrx_word' id='word_1_80' title='bbox 336 1180 535 1243; x_wconf 87' lang='lat' dir='ltr'><strong>mutationes</strong></span> <span class='ocrx_word' id='word_1_81' title='bbox 556 1186 640 1250; x_wconf 89' lang='lat' dir='ltr'><strong>sunt,</strong></span> <span class='ocrx_word' id='word_1_82' title='bbox 655 1179 740 1249; x_wconf 81' lang='lat' dir='ltr'><strong>cum,</strong></span> <span class='ocrx_word' id='word_1_83' title='bbox 755 1176 841 1256; x_wconf 90' lang='lat' dir='ltr'><strong>quod</strong></span> <span class='ocrx_word' id='word_1_84' title='bbox 863 1196 928 1237; x_wconf 89' lang='lat' dir='ltr'><strong>non</strong></span> <span class='ocrx_word' id='word_1_85' title='bbox 943 1174 1078 1246; x_wconf 83' lang='lat' dir='ltr'><strong>habeas,</strong></span> <span class='ocrx_word' id='word_1_86' title='bbox 1094 1177 1160 1238; x_wconf 90' lang='lat' dir='ltr'><strong>ali·</strong></span> 
     </span>
     <span class='ocr_line' id='line_1_11' title="bbox 135 1260 1161 1344; baseline -0.005 -17"><span class='ocrx_word' id='word_1_87' title='bbox 135 1265 221 1327; x_wconf 92' lang='lat' dir='ltr'><strong>unde</strong></span> <span class='ocrx_word' id='word_1_88' title='bbox 244 1284 363 1327; x_wconf 89' lang='lat' dir='ltr'><strong>sumas.</strong></span> <span class='ocrx_word' id='word_1_89' title='bbox 407 1263 475 1325; x_wconf 85' lang='lat' dir='ltr'><strong>lllae</strong></span> <span class='ocrx_word' id='word_1_90' title='bbox 497 1261 597 1344; x_wconf 81' lang='lat' dir='ltr'><strong>paulo</strong></span> <span class='ocrx_word' id='word_1_91' title='bbox 619 1261 820 1332; x_wconf 81' lang='lat' dir='ltr'><strong>audaciores,</strong></span> <span class='ocrx_word' id='word_1_92' title='bbox 834 1280 907 1340; x_wconf 83' lang='lat' dir='ltr'><strong>quae</strong></span> <span class='ocrx_word' id='word_1_93' title='bbox 922 1279 987 1321; x_wconf 89' lang='lat' dir='ltr'><strong>non</strong></span> <span class='ocrx_word' id='word_1_94' title='bbox 1009 1260 1161 1341; x_wconf 88' lang='lat' dir='ltr'><strong>inopiam</strong></span> 
     </span>
     <span class='ocr_line' id='line_1_12' title="bbox 134 1343 1161 1426; baseline -0.005 -15"><span class='ocrx_word' id='word_1_95' title='bbox 134 1350 291 1422; x_wconf 87' lang='lat' dir='ltr'><strong>indicant,</strong></span> <span class='ocrx_word' id='word_1_96' title='bbox 306 1348 363 1411; x_wconf 89' lang='lat' dir='ltr'><strong>sed</strong></span> <span class='ocrx_word' id='word_1_97' title='bbox 376 1347 516 1409; x_wconf 89' lang='lat' dir='ltr'><strong>orationi</strong></span> <span class='ocrx_word' id='word_1_98' title='bbox 530 1343 709 1426; x_wconf 86' lang='lat' dir='ltr'><strong>splendoris</strong></span> <span class='ocrx_word' id='word_1_99' title='bbox 723 1343 848 1423; x_wconf 90' lang='lat' dir='ltr'><strong>aliquid</strong></span> <span class='ocrx_word' id='word_1_100' title='bbox 862 1352 1053 1405; x_wconf 85' lang='lat' dir='ltr'><strong>arcessunt:</strong></span> <span class='ocrx_word' id='word_1_101' title='bbox 1075 1364 1161 1426; x_wconf 90' lang='lat' dir='ltr'><strong>qua·</strong></span> 
     </span>
     <span class='ocr_line' id='line_1_13' title="bbox 136 1428 1161 1513; baseline -0.007 -16"><span class='ocrx_word' id='word_1_102' title='bbox 136 1454 210 1496; x_wconf 88' lang='lat' dir='ltr'><strong>rum</strong></span> <span class='ocrx_word' id='word_1_103' title='bbox 222 1454 284 1512; x_wconf 86' lang='lat' dir='ltr'><strong>ego</strong></span> <span class='ocrx_word' id='word_1_104' title='bbox 295 1431 373 1513; x_wconf 90' lang='lat' dir='ltr'><strong>quid</strong></span> <span class='ocrx_word' id='word_1_105' title='bbox 384 1430 478 1493; x_wconf 89' lang='lat' dir='ltr'><strong>vobis</strong></span> <span class='ocrx_word' id='word_1_106' title='bbox 489 1439 547 1494; x_wconf 91' lang='lat' dir='ltr'><strong>aut</strong></span> <span class='ocrx_word' id='word_1_107' title='bbox 563 1428 751 1491; x_wconf 86' lang='lat' dir='ltr'><strong>inveniendi</strong></span> <span class='ocrx_word' id='word_1_108' title='bbox 761 1429 932 1499; x_wconf 82' lang='lat' dir='ltr'><strong>rationem,</strong></span> <span class='ocrx_word' id='word_1_109' title='bbox 948 1437 1007 1489; x_wconf 91' lang='lat' dir='ltr'><strong>aut</strong></span> <span class='ocrx_word' id='word_1_110' title='bbox 1021 1447 1161 1507; x_wconf 88' lang='lat' dir='ltr'><strong>genera,</strong></span> 
     </span>
     <span class='ocr_line' id='line_1_14' title="bbox 136 1514 281 1599; baseline -0.007 -22"><span class='ocrx_word' id='word_1_111' title='bbox 136 1514 281 1599; x_wconf 81' lang='lat' dir='ltr'><strong>ponaml</strong></span> 
     </span>
    </p>

    <p class='ocr_par' dir='ltr' id='par_1_3' title="bbox 136 1595 1216 2025">
     <span class='ocr_line' id='line_1_15' title="bbox 179 1595 1215 1663; baseline -0.005 0"><span class='ocrx_word' id='word_1_112' title='bbox 179 1598 328 1663; x_wconf 85' lang='lat' dir='ltr'>XXXIX.</span> <span class='ocrx_word' id='word_1_113' title='bbox 352 1597 581 1660; x_wconf 86' lang='lat' dir='ltr'><strong>Similitudinis</strong></span> <span class='ocrx_word' id='word_1_114' title='bbox 593 1605 642 1660; x_wconf 91' lang='lat' dir='ltr'><strong>est</strong></span> <span class='ocrx_word' id='word_1_115' title='bbox 657 1595 851 1658; x_wconf 89' lang='lat' dir='ltr'><strong>adverbum</strong></span> <span class='ocrx_word' id='word_1_116' title='bbox 866 1614 968 1656; x_wconf 89' lang='lat' dir='ltr'><strong>unum</strong></span> <span class='ocrx_word' id='word_1_117' title='bbox 982 1605 1162 1659; x_wconf 88' lang='lat' dir='ltr'><strong>contracta</strong></span> <span class='ocrx_word' id='word_1_118' title='bbox 1214 1620 1215 1623; x_wconf 43' lang='lat'>¹</span> 
     </span>
     <span class='ocr_line' id='line_1_16' title="bbox 136 1680 1216 1789; baseline -0.005 -42"><span class='ocrx_word' id='word_1_119' title='bbox 136 1685 292 1756; x_wconf 88' lang='lat' dir='ltr'><strong>brevitas,</strong></span> <span class='ocrx_word' id='word_1_120' title='bbox 306 1682 392 1762; x_wconf 93' lang='lat' dir='ltr'><strong>quod</strong></span> <span class='ocrx_word' id='word_1_121' title='bbox 406 1680 544 1743; x_wconf 88' lang='lat' dir='ltr'><strong>verbum</strong></span> <span class='ocrx_word' id='word_1_122' title='bbox 565 1682 600 1742; x_wconf 89' lang='lat' dir='ltr'><strong>in</strong></span> <span class='ocrx_word' id='word_1_123' title='bbox 621 1681 730 1742; x_wconf 90' lang='lat' dir='ltr'><strong>alieno</strong></span> <span class='ocrx_word' id='word_1_124' title='bbox 751 1680 833 1752; x_wconf 86' lang='lat' dir='ltr'><strong>loco,</strong></span> <span class='ocrx_word' id='word_1_125' title='bbox 848 1688 1008 1759; x_wconf 87' lang='lat' dir='ltr'><strong>tanquam</strong></span> <span class='ocrx_word' id='word_1_126' title='bbox 1030 1680 1065 1740; x_wconf 92' lang='lat' dir='ltr'><strong>in</strong></span> <span class='ocrx_word' id='word_1_127' title='bbox 1088 1699 1161 1753; x_wconf 92' lang='lat' dir='ltr'><strong>suo,</strong></span> <span class='ocrx_word' id='word_1_128' title='bbox 1215 1740 1216 1789; x_wconf 58' lang='lat' dir='ltr'><strong>p</strong></span> 
     </span>
     <span class='ocr_line' id='line_1_17' title="bbox 137 1762 1161 1849; baseline -0.003 -19"><span class='ocrx_word' id='word_1_129' title='bbox 137 1769 288 1849; x_wconf 91' lang='lat' dir='ltr'><strong>positum,</strong></span> <span class='ocrx_word' id='word_1_130' title='bbox 312 1767 340 1829; x_wconf 90' lang='lat' dir='ltr'><strong>si</strong></span> <span class='ocrx_word' id='word_1_131' title='bbox 363 1766 561 1844; x_wconf 77' lang='lat' dir='ltr'><strong>agnoscitur,</strong></span> <span class='ocrx_word' id='word_1_132' title='bbox 584 1763 749 1835; x_wconf 85' lang='lat' dir='ltr'><strong>delectat;</strong></span> <span class='ocrx_word' id='word_1_133' title='bbox 771 1764 799 1824; x_wconf 91' lang='lat' dir='ltr'><strong>si</strong></span> <span class='ocrx_word' id='word_1_134' title='bbox 821 1763 926 1825; x_wconf 88' lang='lat' dir='ltr'><strong>simile</strong></span> <span class='ocrx_word' id='word_1_135' title='bbox 948 1762 1030 1825; x_wconf 91' lang='lat' dir='ltr'><strong>nihil</strong></span> <span class='ocrx_word' id='word_1_136' title='bbox 1044 1762 1161 1837; x_wconf 87' lang='lat' dir='ltr'><strong>habet,</strong></span> 
     </span>
     <span class='ocr_line' id='line_1_18' title="bbox 136 1847 1216 1933; baseline -0.004 -18"><span class='ocrx_word' id='word_1_137' title='bbox 136 1852 337 1933; x_wconf 88' lang='lat' dir='ltr'><strong>repudiatur.</strong></span> <span class='ocrx_word' id='word_1_138' title='bbox 382 1849 448 1913; x_wconf 85' lang='lat' dir='ltr'><strong>Sed</strong></span> <span class='ocrx_word' id='word_1_139' title='bbox 463 1869 505 1911; x_wconf 90' lang='lat' dir='ltr'><strong>ea</strong></span> <span class='ocrx_word' id='word_1_140' title='bbox 519 1848 690 1910; x_wconf 88' lang='lat' dir='ltr'><strong>transferri</strong></span> <span class='ocrx_word' id='word_1_141' title='bbox 712 1855 848 1929; x_wconf 90' lang='lat' dir='ltr'><strong>oportet,</strong></span> <span class='ocrx_word' id='word_1_142' title='bbox 863 1866 936 1927; x_wconf 82' lang='lat' dir='ltr'><strong>quae</strong></span> <span class='ocrx_word' id='word_1_143' title='bbox 958 1857 1018 1909; x_wconf 88' lang='lat' dir='ltr'><strong>aut</strong></span> <span class='ocrx_word' id='word_1_144' title='bbox 1039 1847 1161 1911; x_wconf 87' lang='lat' dir='ltr'><strong>olario-</strong></span> <span class='ocrx_word' id='word_1_145' title='bbox 1215 1924 1216 1931; x_wconf 8' lang='grc' dir='ltr'>ἵ</span> 
     </span>
     <span class='ocr_line' id='line_1_19' title="bbox 137 1932 1216 2025; baseline -0.01 -28"><span class='ocrx_word' id='word_1_146' title='bbox 137 1956 207 1999; x_wconf 92' lang='lat' dir='ltr'><strong>rem</strong></span> <span class='ocrx_word' id='word_1_147' title='bbox 222 1935 349 1999; x_wconf 85' lang='lat' dir='ltr'><strong>faciunt</strong></span> <span class='ocrx_word' id='word_1_148' title='bbox 363 1953 443 2006; x_wconf 87' lang='lat' dir='ltr'><strong>rem,</strong></span> <span class='ocrx_word' id='word_1_149' title='bbox 454 1942 493 1995; x_wconf 91' lang='lat' dir='ltr'><strong>ut</strong></span> <span class='ocrx_word' id='word_1_150' title='bbox 507 1932 567 1995; x_wconf 91' lang='lat' dir='ltr'><strong>illa</strong></span> <span class='ocrx_word' id='word_1_151' title='bbox 580 1934 711 1994; x_wconf 89' lang='lat' dir='ltr'><strong>omnia:</strong></span> <span class='ocrx_word' id='word_1_152' title='bbox 1214 1938 1216 2025; x_wconf 58' lang='lat' dir='ltr'><strong>p</strong></span> 
     </span>
    </p>
   </div>
   <div class='ocr_carea' id='block_1_3' title="bbox 554 2098 810 2161">
    <p class='ocr_par' dir='ltr' id='par_1_4' title="bbox 554 2098 810 2161">
     <span class='ocr_line' id='line_1_20' title="bbox 554 2098 810 2161; baseline 0.004 -9"><span class='ocrx_word' id='word_1_153' title='bbox 554 2098 810 2161; x_wconf 69' lang='lat' dir='ltr'><strong>Inbomesertmnrer</strong></span> 
     </span>
    </p>
   </div>
   <div class='ocr_carea' id='block_1_4' title="bbox 206 2132 1217 2596">
    <p class='ocr_par' dir='ltr' id='par_1_5' title="bbox 207 2132 1217 2511">
     <span class='ocr_line' id='line_1_21' title="bbox 210 2132 1217 2257; baseline -0.003 -16"><span class='ocrx_word' id='word_1_154' title='bbox 210 2188 331 2241; x_wconf 78' lang='lat' dir='ltr'><strong>Tenedrc</strong></span> <span class='ocrx_word' id='word_1_155' title='bbox 343 2185 576 2254; x_wconf 79' lang='lat' dir='ltr'><strong>conduplicantur3</strong></span> <span class='ocrx_word' id='word_1_156' title='bbox 594 2186 727 2256; x_wconf 81' lang='lat' dir='ltr'><strong>noctisque</strong></span> <span class='ocrx_word' id='word_1_157' title='bbox 739 2184 1126 2257; x_wconf 67' lang='lat' dir='ltr'><strong>etnimbrlmoeeeeutm&#39;grorr</strong></span> <span class='ocrx_word' id='word_1_158' title='bbox 1214 2132 1217 2247; x_wconf 65' lang='grc' dir='ltr'>ι</span> 
     </span>
     <span class='ocr_line' id='line_1_22' title="bbox 207 2268 1217 2341; baseline -0.002 -17"><span class='ocrx_word' id='word_1_159' title='bbox 207 2272 326 2324; x_wconf 72' lang='lat' dir='ltr'><strong>Hammo</strong></span> <span class='ocrx_word' id='word_1_160' title='bbox 338 2271 408 2323; x_wconf 79' lang='lat' dir='ltr'><strong>inter</strong></span> <span class='ocrx_word' id='word_1_161' title='bbox 419 2270 498 2323; x_wconf 81' lang='lat' dir='ltr'><strong>nudes</strong></span> <span class='ocrx_word' id='word_1_162' title='bbox 510 2278 649 2332; x_wconf 67' lang='lat' dir='ltr'><strong>eumentr</strong></span> <span class='ocrx_word' id='word_1_163' title='bbox 667 2272 758 2325; x_wconf 76' lang='lat' dir='ltr'><strong>coelwn</strong></span> <span class='ocrx_word' id='word_1_164' title='bbox 769 2268 868 2324; x_wconf 81' lang='lat' dir='ltr'><strong>tonitru</strong></span> <span class='ocrx_word' id='word_1_165' title='bbox 878 2270 1033 2332; x_wconf 67' lang='lat' dir='ltr'><strong>contremitr</strong></span> <span class='ocrx_word' id='word_1_166' title='bbox 1216 2296 1217 2341; x_wconf 58' lang='lat' dir='ltr'><strong>p</strong></span> 
     </span>
     <span class='ocr_line' id='line_1_23' title="bbox 208 2352 1217 2426; baseline -0.003 -15"><span class='ocrx_word' id='word_1_167' title='bbox 208 2357 417 2419; x_wconf 62' lang='lat' dir='ltr'><strong>&amp;audacitate</strong></span> <span class='ocrx_word' id='word_1_168' title='bbox 429 2357 505 2409; x_wconf 78' lang='lat' dir='ltr'><strong>imbri</strong></span> <span class='ocrx_word' id='word_1_169' title='bbox 515 2356 648 2426; x_wconf 72' lang='lat' dir='ltr'><strong>largifluo,</strong></span> <span class='ocrx_word' id='word_1_170' title='bbox 659 2357 747 2410; x_wconf 81' lang='lat' dir='ltr'><strong>subita</strong></span> <span class='ocrx_word' id='word_1_171' title='bbox 753 2358 921 2426; x_wconf 76' lang='lat' dir='ltr'><strong>precipitem</strong></span> <span class='ocrx_word' id='word_1_172' title='bbox 930 2357 1022 2418; x_wconf 75' lang='lat' dir='ltr'><strong>ecdit3</strong></span> <span class='ocrx_word' id='word_1_173' title='bbox 1216 2352 1217 2357; x_wconf 66' lang='grc'>’</span> 
     </span>
     <span class='ocr_line' id='line_1_24' title="bbox 211 2441 1042 2511; baseline -0.001 -16"><span class='ocrx_word' id='word_1_174' title='bbox 211 2441 328 2511; x_wconf 78' lang='lat' dir='ltr'><strong>Undique</strong></span> <span class='ocrx_word' id='word_1_175' title='bbox 341 2457 427 2494; x_wconf 83' lang='lat' dir='ltr'><strong>omnes</strong></span> <span class='ocrx_word' id='word_1_176' title='bbox 438 2441 510 2493; x_wconf 84' lang='lat' dir='ltr'><strong>uenti</strong></span> <span class='ocrx_word' id='word_1_177' title='bbox 522 2450 675 2511; x_wconf 70' lang='lat' dir='ltr'><strong>emmprmtr</strong></span> <span class='ocrx_word' id='word_1_178' title='bbox 693 2442 753 2495; x_wconf 77' lang='lat' dir='ltr'><strong>seui</strong></span> <span class='ocrx_word' id='word_1_179' title='bbox 765 2442 894 2495; x_wconf 64' lang='lat' dir='ltr'><strong>muniunt</strong></span> <span class='ocrx_word' id='word_1_180' title='bbox 906 2441 1042 2501; x_wconf 72' lang='lat' dir='ltr'><strong>turbinesr</strong></span> 
     </span>
    </p>

    <p class='ocr_par' dir='ltr' id='par_1_6' title="bbox 206 2527 503 2596">
     <span class='ocr_line' id='line_1_25' title="bbox 206 2527 503 2596; baseline -0.017 -15"><span class='ocrx_word' id='word_1_181' title='bbox 206 2527 299 2581; x_wconf 81' lang='lat' dir='ltr'><strong>Feruit</strong></span> <span class='ocrx_word' id='word_1_182' title='bbox 311 2535 376 2581; x_wconf 79' lang='lat' dir='ltr'><strong>cestu</strong></span> <span class='ocrx_word' id='word_1_183' title='bbox 383 2527 503 2596; x_wconf 80' lang='lat' dir='ltr'><strong>pelagus.</strong></span> 
     </span>
    </p>
   </div>
   <div class='ocr_carea' id='block_1_5' title="bbox 138 2692 1163 3112">
    <p class='ocr_par' dir='ltr' id='par_1_7' title="bbox 138 2692 1163 3112">
     <span class='ocr_line' id='line_1_26' title="bbox 139 2692 1161 2776; baseline 0 -19"><span class='ocrx_word' id='word_1_184' title='bbox 139 2695 260 2757; x_wconf 89' lang='lat' dir='ltr'><strong>Omnia</strong></span> <span class='ocrx_word' id='word_1_185' title='bbox 281 2692 563 2773; x_wconf 66' lang='lat' dir='ltr'><strong>teramnanae</strong></span> <span class='ocrx_word' id='word_1_186' title='bbox 585 2713 603 2756; x_wconf 89' lang='lat' dir='ltr'><strong>o</strong></span> <span class='ocrx_word' id='word_1_187' title='bbox 616 2694 727 2756; x_wconf 86' lang='lat' dir='ltr'><strong>ariera</strong></span> <span class='ocrx_word' id='word_1_188' title='bbox 744 2695 915 2756; x_wconf 88' lang='lat' dir='ltr'><strong>translatis</strong></span> <span class='ocrx_word' id='word_1_189' title='bbox 936 2713 995 2776; x_wconf 93' lang='lat' dir='ltr'><strong>per</strong></span> <span class='ocrx_word' id='word_1_190' title='bbox 1009 2695 1161 2758; x_wconf 89' lang='lat' dir='ltr'><strong>similitu-</strong></span> 
     </span>
     <span class='ocr_line' id='line_1_27' title="bbox 138 2776 1163 2859; baseline 0.001 -20"><span class='ocrx_word' id='word_1_191' title='bbox 138 2776 249 2840; x_wconf 89' lang='lat' dir='ltr'><strong>dinem</strong></span> <span class='ocrx_word' id='word_1_192' title='bbox 262 2778 372 2840; x_wconf 84' lang='lat' dir='ltr'><strong>verbis</strong></span> <span class='ocrx_word' id='word_1_193' title='bbox 387 2778 477 2839; x_wconf 90' lang='lat' dir='ltr'><strong>dicta</strong></span> <span class='ocrx_word' id='word_1_194' title='bbox 491 2796 552 2839; x_wconf 90' lang='lat' dir='ltr'><strong>sun</strong></span> <span class='ocrx_word' id='word_1_195' title='bbox 579 2779 673 2839; x_wconf 81' lang='lat' dir='ltr'><strong>saut</strong></span> <span class='ocrx_word' id='word_1_196' title='bbox 687 2777 752 2859; x_wconf 80' lang='lat' dir='ltr'><strong>qud</strong></span> <span class='ocrx_word' id='word_1_197' title='bbox 766 2778 970 2856; x_wconf 86' lang='lat' dir='ltr'><strong>significetur</strong></span> <span class='ocrx_word' id='word_1_198' title='bbox 984 2778 1093 2856; x_wconf 86' lang='lat' dir='ltr'><strong>magis</strong></span> <span class='ocrx_word' id='word_1_199' title='bbox 1108 2799 1163 2842; x_wconf 89' lang='lat' dir='ltr'><strong>res</strong></span> 
     </span>
     <span class='ocr_line' id='line_1_28' title="bbox 138 2861 1162 2942; baseline 0.003 -20"><span class='ocrx_word' id='word_1_200' title='bbox 138 2869 218 2932; x_wconf 87' lang='lat' dir='ltr'><strong>tota,</strong></span> <span class='ocrx_word' id='word_1_201' title='bbox 227 2861 297 2924; x_wconf 81' lang='lat' dir='ltr'><strong>sive</strong></span> <span class='ocrx_word' id='word_1_202' title='bbox 309 2861 391 2924; x_wconf 80' lang='lat' dir='ltr'><strong>facti</strong></span> <span class='ocrx_word' id='word_1_203' title='bbox 402 2862 552 2940; x_wconf 89' lang='lat' dir='ltr'><strong>alicujus,</strong></span> <span class='ocrx_word' id='word_1_204' title='bbox 567 2863 636 2924; x_wconf 87' lang='lat' dir='ltr'><strong>sive</strong></span> <span class='ocrx_word' id='word_1_205' title='bbox 648 2862 784 2934; x_wconf 90' lang='lat' dir='ltr'><strong>consilii,</strong></span> <span class='ocrx_word' id='word_1_206' title='bbox 795 2872 832 2924; x_wconf 92' lang='lat' dir='ltr'><strong>ut</strong></span> <span class='ocrx_word' id='word_1_207' title='bbox 847 2862 913 2934; x_wconf 90' lang='lat' dir='ltr'><strong>ille,</strong></span> <span class='ocrx_word' id='word_1_208' title='bbox 924 2863 980 2942; x_wconf 91' lang='lat' dir='ltr'><strong>qui</strong></span> <span class='ocrx_word' id='word_1_209' title='bbox 990 2864 1162 2925; x_wconf 88' lang='lat' dir='ltr'><strong>occultan-</strong></span> 
     </span>
     <span class='ocr_line' id='line_1_29' title="bbox 138 2944 1161 3028; baseline 0.005 -23"><span class='ocrx_word' id='word_1_210' title='bbox 138 2951 207 3006; x_wconf 89' lang='lat' dir='ltr'><strong>tem</strong></span> <span class='ocrx_word' id='word_1_211' title='bbox 222 2944 380 3016; x_wconf 79' lang='lat' dir='ltr'><strong>consulto,</strong></span> <span class='ocrx_word' id='word_1_212' title='bbox 394 2964 436 3006; x_wconf 90' lang='lat' dir='ltr'><strong>ne</strong></span> <span class='ocrx_word' id='word_1_213' title='bbox 451 2944 493 3016; x_wconf 90' lang='lat' dir='ltr'><strong>id,</strong></span> <span class='ocrx_word' id='word_1_214' title='bbox 508 2945 594 3025; x_wconf 91' lang='lat' dir='ltr'><strong>quod</strong></span> <span class='ocrx_word' id='word_1_215' title='bbox 608 2955 773 3025; x_wconf 76' lang='lat' dir='ltr'><strong>ageretur,</strong></span> <span class='ocrx_word' id='word_1_216' title='bbox 791 2946 932 3025; x_wconf 85' lang='lat' dir='ltr'><strong>intelligi</strong></span> <span class='ocrx_word' id='word_1_217' title='bbox 946 2957 1066 3028; x_wconf 89' lang='lat' dir='ltr'><strong>posset,</strong></span> <span class='ocrx_word' id='word_1_218' title='bbox 1080 2947 1161 3011; x_wconf 92' lang='lat' dir='ltr'><strong>duo-</strong></span> 
     </span>
     <span class='ocr_line' id='line_1_30' title="bbox 139 3026 967 3112; baseline 0.004 -23"><span class='ocrx_word' id='word_1_219' title='bbox 139 3026 201 3091; x_wconf 90' lang='lat' dir='ltr'><strong>bus</strong></span> <span class='ocrx_word' id='word_1_220' title='bbox 214 3029 382 3091; x_wconf 89' lang='lat' dir='ltr'><strong>translatis</strong></span> <span class='ocrx_word' id='word_1_221' title='bbox 398 3027 508 3089; x_wconf 86' lang='lat' dir='ltr'><strong>verbis</strong></span> <span class='ocrx_word' id='word_1_222' title='bbox 522 3030 734 3093; x_wconf 86' lang='lat' dir='ltr'><strong>similitudine</strong></span> <span class='ocrx_word' id='word_1_223' title='bbox 749 3031 819 3112; x_wconf 72' lang='lat' dir='ltr'><strong>ipsi</strong></span> <span class='ocrx_word' id='word_1_224' title='bbox 833 3030 967 3103; x_wconf 88' lang='lat' dir='ltr'><strong>indicat,</strong></span> 
     </span>
    </p>
   </div>
   <div class='ocr_carea' id='block_1_6' title="bbox 265 3195 1016 3267">
    <p class='ocr_par' dir='ltr' id='par_1_8' title="bbox 265 3195 1016 3267">
     <span class='ocr_line' id='line_1_31' title="bbox 265 3195 1016 3267; baseline 0.003 -19"><span class='ocrx_word' id='word_1_225' title='bbox 265 3195 479 3265; x_wconf 76' lang='lat' dir='ltr'><strong>Quandoquidem</strong></span> <span class='ocrx_word' id='word_1_226' title='bbox 490 3197 543 3248; x_wconf 81' lang='lat' dir='ltr'><strong>isse</strong></span> <span class='ocrx_word' id='word_1_227' title='bbox 555 3198 730 3251; x_wconf 82' lang='lat' dir='ltr'><strong>circumvestit</strong></span> <span class='ocrx_word' id='word_1_228' title='bbox 742 3198 829 3261; x_wconf 79' lang='lat' dir='ltr'><strong>dictis,</strong></span> <span class='ocrx_word' id='word_1_229' title='bbox 840 3199 908 3267; x_wconf 76' lang='lat' dir='ltr'><strong>sepit</strong></span> <span class='ocrx_word' id='word_1_230' title='bbox 918 3198 1016 3252; x_wconf 79' lang='lat' dir='ltr'><strong>sedulc&#39;.</strong></span> 
     </span>
    </p>
   </div>
   <div class='ocr_carea' id='block_1_7' title="bbox 138 3346 1217 3853">
    <p class='ocr_par' dir='ltr' id='par_1_9' title="bbox 138 3346 1217 3853">
     <span class='ocr_line' id='line_1_32' title="bbox 140 3346 1162 3430; baseline 0.006 -19"><span class='ocrx_word' id='word_1_231' title='bbox 140 3346 386 3430; x_wconf 89' lang='lat' dir='ltr'><strong>Nonnunquam</strong></span> <span class='ocrx_word' id='word_1_232' title='bbox 409 3351 511 3414; x_wconf 87' lang='lat' dir='ltr'><strong>etiam</strong></span> <span class='ocrx_word' id='word_1_233' title='bbox 531 3350 676 3413; x_wconf 87' lang='lat' dir='ltr'><strong>brevitas</strong></span> <span class='ocrx_word' id='word_1_234' title='bbox 695 3351 909 3414; x_wconf 86' lang='lat' dir='ltr'><strong>translatione</strong></span> <span class='ocrx_word' id='word_1_235' title='bbox 925 3352 1108 3426; x_wconf 87' lang='lat' dir='ltr'><strong>conficitur,</strong></span> <span class='ocrx_word' id='word_1_236' title='bbox 1123 3363 1162 3417; x_wconf 87' lang='lat' dir='ltr'><strong>ut</strong></span> 
     </span>
     <span class='ocr_line' id='line_1_33' title="bbox 139 3432 1162 3517; baseline 0.006 -23"><span class='ocrx_word' id='word_1_237' title='bbox 139 3434 230 3506; x_wconf 91' lang='lat' dir='ltr'><strong>illud,</strong></span> <span class='ocrx_word' id='word_1_238' title='bbox 244 3432 282 3494; x_wconf 82' lang='lat' dir='ltr'><strong>Si</strong></span> <span class='ocrx_word' id='word_1_239' title='bbox 296 3434 388 3496; x_wconf 88' lang='lat' dir='ltr'><strong>telum</strong></span> <span class='ocrx_word' id='word_1_240' title='bbox 402 3432 607 3517; x_wconf 83' lang='lat' dir='ltr'><strong>mcnufngit.</strong></span> <span class='ocrx_word' id='word_1_241' title='bbox 652 3434 875 3517; x_wconf 88' lang='lat' dir='ltr'><strong>Imprudentia</strong></span> <span class='ocrx_word' id='word_1_242' title='bbox 889 3436 948 3497; x_wconf 91' lang='lat' dir='ltr'><strong>teli</strong></span> <span class='ocrx_word' id='word_1_243' title='bbox 962 3437 1074 3499; x_wconf 87' lang='lat' dir='ltr'><strong>emissi</strong></span> <span class='ocrx_word' id='word_1_244' title='bbox 1089 3437 1162 3501; x_wconf 88' lang='lat' dir='ltr'><strong>bre·</strong></span> 
     </span>
     <span class='ocr_line' id='line_1_34' title="bbox 139 3519 1217 3602; baseline 0.006 -24"><span class='ocrx_word' id='word_1_245' title='bbox 139 3519 213 3578; x_wconf 81' lang='lat' dir='ltr'><strong>vius</strong></span> <span class='ocrx_word' id='word_1_246' title='bbox 227 3519 364 3598; x_wconf 91' lang='lat' dir='ltr'><strong>propriis</strong></span> <span class='ocrx_word' id='word_1_247' title='bbox 379 3519 489 3581; x_wconf 83' lang='lat' dir='ltr'><strong>verbis</strong></span> <span class='ocrx_word' id='word_1_248' title='bbox 503 3519 622 3600; x_wconf 83' lang='lat' dir='ltr'><strong>exponi</strong></span> <span class='ocrx_word' id='word_1_249' title='bbox 635 3540 701 3582; x_wconf 85' lang='lat' dir='ltr'><strong>non</strong></span> <span class='ocrx_word' id='word_1_250' title='bbox 715 3522 830 3601; x_wconf 87' lang='lat' dir='ltr'><strong>potuit,</strong></span> <span class='ocrx_word' id='word_1_251' title='bbox 840 3519 939 3599; x_wconf 75' lang='lat' dir='ltr'><strong>quim</strong></span> <span class='ocrx_word' id='word_1_252' title='bbox 953 3531 1004 3583; x_wconf 88' lang='lat' dir='ltr'><strong>est</strong></span> <span class='ocrx_word' id='word_1_253' title='bbox 1018 3540 1085 3584; x_wconf 90' lang='lat' dir='ltr'><strong>uno</strong></span> <span class='ocrx_word' id='word_1_254' title='bbox 1095 3523 1162 3602; x_wconf 81' lang='lat' dir='ltr'><strong>sig·</strong></span> <span class='ocrx_word' id='word_1_255' title='bbox 1216 3540 1217 3549; x_wconf 57' lang='lat'>¹</span> 
     </span>
     <span class='ocr_line' id='line_1_35' title="bbox 140 3600 1162 3686; baseline 0.013 -27"><span class='ocrx_word' id='word_1_256' title='bbox 140 3600 277 3661; x_wconf 87' lang='lat' dir='ltr'><strong>nificata</strong></span> <span class='ocrx_word' id='word_1_257' title='bbox 291 3602 460 3669; x_wconf 87' lang='lat' dir='ltr'><strong>translato.</strong></span> <span class='ocrx_word' id='word_1_258' title='bbox 504 3602 613 3683; x_wconf 90' lang='lat' dir='ltr'><strong>Atque</strong></span> <span class='ocrx_word' id='word_1_259' title='bbox 635 3602 697 3666; x_wconf 88' lang='lat' dir='ltr'><strong>hoc</strong></span> <span class='ocrx_word' id='word_1_260' title='bbox 712 3605 746 3666; x_wconf 91' lang='lat' dir='ltr'><strong>in</strong></span> <span class='ocrx_word' id='word_1_261' title='bbox 767 3623 887 3683; x_wconf 85' lang='lat' dir='ltr'><strong>genere</strong></span> <span class='ocrx_word' id='word_1_262' title='bbox 911 3606 1057 3686; x_wconf 68' lang='lat' dir='ltr'><strong>persaepe</strong></span> <span class='ocrx_word' id='word_1_263' title='bbox 1078 3604 1162 3672; x_wconf 83' lang='lat' dir='ltr'><strong>mihi</strong></span> 
     </span>
     <span class='ocr_line' id='line_1_36' title="bbox 138 3682 1163 3768; baseline 0.011 -25"><span class='ocrx_word' id='word_1_264' title='bbox 138 3682 369 3745; x_wconf 89' lang='lat' dir='ltr'><strong>admirandum</strong></span> <span class='ocrx_word' id='word_1_265' title='bbox 388 3684 526 3757; x_wconf 90' lang='lat' dir='ltr'><strong>videtur,</strong></span> <span class='ocrx_word' id='word_1_266' title='bbox 540 3687 618 3766; x_wconf 91' lang='lat' dir='ltr'><strong>quid</strong></span> <span class='ocrx_word' id='word_1_267' title='bbox 641 3689 692 3760; x_wconf 87' lang='lat' dir='ltr'><strong>sit,</strong></span> <span class='ocrx_word' id='word_1_268' title='bbox 707 3687 792 3768; x_wconf 80' lang='lat' dir='ltr'><strong>qubd</strong></span> <span class='ocrx_word' id='word_1_269' title='bbox 807 3707 920 3751; x_wconf 88' lang='lat' dir='ltr'><strong>omnes</strong></span> <span class='ocrx_word' id='word_1_270' title='bbox 934 3690 1105 3753; x_wconf 87' lang='lat' dir='ltr'><strong>translatis</strong></span> <span class='ocrx_word' id='word_1_271' title='bbox 1127 3701 1163 3755; x_wconf 91' lang='lat' dir='ltr'><strong>et</strong></span> 
     </span>
     <span class='ocr_line' id='line_1_37' title="bbox 142 3764 1133 3853; baseline 0.014 -29"><span class='ocrx_word' id='word_1_272' title='bbox 142 3764 260 3828; x_wconf 87' lang='lat' dir='ltr'><strong>alienis</strong></span> <span class='ocrx_word' id='word_1_273' title='bbox 273 3766 381 3844; x_wconf 81' lang='lat' dir='ltr'><strong>magis</strong></span> <span class='ocrx_word' id='word_1_274' title='bbox 395 3766 597 3833; x_wconf 86' lang='lat' dir='ltr'><strong>delectentur</strong></span> <span class='ocrx_word' id='word_1_275' title='bbox 608 3771 727 3844; x_wconf 89' lang='lat' dir='ltr'><strong>verbis,</strong></span> <span class='ocrx_word' id='word_1_276' title='bbox 737 3773 836 3851; x_wconf 76' lang='lat' dir='ltr'><strong>quam</strong></span> <span class='ocrx_word' id='word_1_277' title='bbox 849 3774 989 3853; x_wconf 87' lang='lat' dir='ltr'><strong>propriis</strong></span> <span class='ocrx_word' id='word_1_278' title='bbox 1004 3781 1039 3836; x_wconf 92' lang='lat' dir='ltr'><strong>et</strong></span> <span class='ocrx_word' id='word_1_279' title='bbox 1052 3776 1133 3838; x_wconf 83' lang='lat' dir='ltr'><strong>suis.</strong></span> 
     </span>
    </p>
   </div>
   <div class='ocr_carea' id='block_1_8' title="bbox 0 0 1234 4276">
    <p class='ocr_par' dir='ltr' id='par_1_10' title="bbox 0 0 1234 4276">
     <span class='ocr_line' id='line_1_38' title="bbox 0 0 1234 4276; baseline 0 0"><span class='ocrx_word' id='word_1_280' title='bbox 0 0 1234 4276; x_wconf 95' lang='lat' dir='ltr'><strong> </strong></span> 
     </span>
    </p>
   </div>
  </div>
 </body>
</html>
