2434 4286
306 351 347 393 uu
368 350 509 393 onerose
530 346 619 392 nrum
640 350 803 393 sucuuuos.
1027 335 1070 394 99

47 519 162 562 causas
177 498 370 562 describunt
393 499 428 560 in
451 499 599 578 personis
614 507 648 560 et
671 499 705 561 in
720 499 921 580 temporibus
944 501 1069 581 positas

46 605 123 647 esse.
169 585 262 647 Nam
277 585 340 646 etsi
363 585 532 654 incurrunt
554 592 705 664 tempora
726 595 760 646 et
783 604 940 666 personae,
955 594 1069 649 tamen

46 670 297 747 intelligendum
313 677 371 739 est,
387 688 450 730 non
467 688 508 728 ex
530 669 578 740 iis,
594 668 652 729 sed
674 689 715 730 ex
733 689 852 747 genere
869 671 1067 748 quaestioniS,

14 751 15 754 ’
45 748 188 834 pendere
205 774 335 836 causas.
379 751 445 814 Sed
467 751 528 814 hoc
544 751 624 814 nihil
646 753 689 814 ad
711 773 773 831 me²
818 752 956 816 Nullum
979 757 1068 818 enim

46 840 138 900 uobis
152 849 324 901 certamen
348 858 423 899 cum
439 838 510 898 istis
532 857 603 900 esse
618 837 716 899 debet
739 847 888 900 tanturn:
916 838 996 900 satis
1017 849 1068 903 cst

46 924 196 1002 intelligi,
211 944 253 984 ne
278 923 339 984 hoc
361 922 493 1002 quidem
515 942 571 983 eos
593 934 794 997 consecutos
809 924 895 1003 quod
917 925 950 986 in
974 934 1067 988 tanto

46 1010 118 1080 otio,
133 1010 241 1071 etiarn
255 1009 326 1068 sine
341 1007 404 1069 hac
417 1007 537 1068 sorensi
553 1008 798 1080 exercitatione,
810 1007 940 1070 efficere
954 1019 1068 1089 potue·

46 1101 185 1165 runt,'ut
206 1112 331 1171 genera
345 1110 455 1153 rerum
470 1091 700 1164 discernerent,
716 1113 821 1172 eaque
844 1092 944 1174 paulo
966 1094 1067 1156 subti-

45 1177 334 1258 liusexplicarent.
369 1175 494 1237 Verum
509 1176 569 1238 hcc
584 1176 633 1257 (ut
645 1172 723 1255 dixi)
738 1177 818 1238 nihil
834 1177 876 1238 ad
888 1198 950 1239 me.
984 1178 1068 1242 Illud

44 1261 84 1322 ad
106 1280 172 1332 me,
189 1282 231 1323 ac
252 1260 356 1322 multo
378 1262 478 1323 etium
502 1260 609 1340 magis
631 1261 673 1322 ad
699 1281 766 1334 vos,
789 1260 887 1323 Cotta
902 1273 1012 1324 noster
1033 1273 1067 1325 et

44 1344 191 1427 Sulpici:
214 1346 375 1425 quomodo
391 1367 476 1407 nunc
492 1365 527 1406 se
549 1348 686 1407 istorum
702 1355 790 1407 artes
811 1345 944 1418 habent,
967 1349 1065 1427 perti-

45 1429 225 1492 mescenda
240 1439 289 1492 est
304 1430 478 1492 multitudo
491 1451 686 1492 causarum:
709 1440 759 1492 est
776 1431 863 1492 enim
886 1430 1024 1503 infinita,
1039 1434 1067 1496 si

44 1516 76 1576 in
98 1516 249 1596 personis
276 1516 424 1594 ponitur3
450 1525 528 1595 quot
549 1514 706 1588 homines,
728 1524 776 1576 tot
799 1535 927 1577 causae:
950 1517 999 1576 sin
1024 1516 1067 1578 ad

44 1620 205 1677 generum
227 1601 399 1661 universas
420 1601 615 1679 quaestiones
637 1600 844 1674 referuntur3
867 1602 916 1662 ita
930 1600 1067 1663 modicae

44 1696 76 1746 et
90 1705 212 1766 pauca
228 1693 314 1756 sunt,
329 1692 366 1746 ut
387 1703 500 1747 omnes
516 1705 582 1755 eas
597 1683 780 1763 diligentes,
796 1696 829 1747 et
847 1705 1018 1757 memores
1033 1695 1068 1747 et

14 1774 16 1784 ’
43 1770 143 1832 sobrii
158 1779 307 1831 oratores
322 1789 494 1850 percursas
510 1771 630 1841 animo,
646 1778 688 1840 et,
703 1770 802 1850 prope
818 1770 936 1843 dicam,
947 1770 1066 1833 decan-

44 1864 132 1916 tatas
147 1854 275 1916 habere
291 1853 455 1926 debeant3·
476 1856 538 1916 nisi
553 1855 636 1916 forte
652 1855 857 1927 existimatis
872 1875 894 1916 a
909 1855 955 1917 Μ’
968 1856 1068 1917 Curio

14 1974 15 1977 κ
43 1959 184 2001 causam
206 1938 356 2000 didicisse
379 1938 416 2000 L.
432 1939 597 2011 Crassum,
612 1949 646 2000 et
668 1940 707 2001 eit
729 1960 763 2002 re
778 1940 885 2001 multa
907 1941 1066 2019 attulisse,

44 2024 271 2103 quamobrem,
282 2033 432 2105 postumo
447 2044 511 2085 nou
527 2032 615 2096 nato,
627 2023 762 2086 Curium
776 2033 889 2086 tamen
904 2024 1068 2088 haeredem

45 2108 184 2190 Coponii
197 2129 269 2170 esse
281 2117 452 2190 oporteret.
487 2107 580 2170 Nihil
592 2108 635 2170 ad
647 2111 777 2191 copiam
788 2120 1067 2189 argumentorum,

44 2214 152 2275 neque
170 2194 214 2254 ad
237 2214 346 2256 causae
369 2194 437 2255 vim
459 2214 499 2255 ac
522 2201 686 2267 naturam,
702 2214 820 2257 nomen
847 2194 983 2276 Coponii
1009 2204 1068 2256 aut

45 2278 134 2342 Curii
151 2280 321 2360 pertinuit.
365 2277 402 2340 ln
416 2298 535 2357 genere
552 2286 625 2340 erat
639 2280 793 2342 universo
808 2281 855 2342 rei
871 2282 1068 2359 negotiiquc,

44 2384 107 2426 non
120 2368 156 2426 in
169 2373 316 2443 tempore
328 2383 368 2424 ac
380 2363 574 2435 nominibus,
585 2366 690 2425 omnis
700 2365 852 2444 quaestio:
875 2363 958 2426 Cum
969 2366 1068 2445 scrip·

44 2459 115 2511 tum
130 2452 183 2511 ita
197 2451 248 2519 sit,
262 2446 291 2507 si
305 2446 382 2507 milti
392 2447 486 2530 filius
504 2446 644 2529 genitur,
659 2468 745 2529 isque
761 2448 857 2532 priris
877 2448 1019 2519 moritur,
1035 2457 1068 2509 et

44 2543 258 2605 catenatum
273 2541 307 2593 ut
321 2530 399 2592 mitt
413 2532 466 2592 illc
480 2532 521 2592 sit
536 2531 654 2593 laceres:
676 2535 704 2595 si
719 2542 817 2594 natus
832 2532 919 2593 filius
934 2553 999 2594 non
1010 2533 1068 2605 sit3

14 2694 20 2715 k
43 2619 244 2679 videaturne
260 2619 298 2690 is,
309 2618 365 2696 qui
380 2617 448 2678 filio
458 2625 586 2679 mortuo
602 2618 771 2679 institutus
782 2615 887 2679 haercs
903 2617 954 2690 sit,
965 2616 1069 2679 haeres

43 2723 127 2765 esse.
648 2775 649 2778 Ἴ

84 2785 238 2850 XXXHI.
268 2785 423 2867 Perpetui
445 2787 529 2865 juris
551 2796 585 2848 et
611 2788 756 2849 universi
779 2789 909 2867 generis
932 2788 1069 2868 quastio

44 2893 111 2934 non
138 2872 310 2934 hominum
332 2873 476 2943 nomina,
498 2872 556 2934 scd
577 2874 738 2934 rationem
760 2872 897 2946 dicendi,
918 2882 950 2934 et
973 2890 1070 2950 argu·

43 2967 236 3020 mentorum
251 2956 366 3027 fontes
382 2954 556 3018 desiderat.
601 2956 716 3039 Inquo
731 2959 832 3021 etiam
846 2960 901 3021 isti
915 2977 975 3019 nos
985 2958 1070 3036 juris

45 3042 192 3105 consulti
220 3040 412 3121 impediunt,
442 3061 463 3101 a
493 3041 711 3121 discendoque
738 3043 911 3106 deterrent.
964 3041 1070 3104 Video

44 3130 148 3199 euim,
163 3128 199 3187 in
214 3124 348 3187 Catonis
363 3135 397 3187 et
418 3124 512 3188 Bruti
534 3126 633 3200 libris,
649 3129 844 3189 nominatim
858 3127 925 3188 fere
947 3127 1070 3191 referri.

43 3212 125 3293 quid
141 3211 244 3272 alicui
259 3211 299 3272 de
311 3211 387 3288 jure
399 3211 471 3271 viro
483 3221 541 3273 aut
556 3212 685 3273 mulieri
696 3209 942 3292 responderint;
965 3209 1070 3283 credo,

14 3326 15 3335 ¹
43 3307 83 3360 ut
107 3306 313 3379 putaremus,
335 3296 368 3355 in
392 3294 586 3382 hominibus,
608 3316 673 3357 non
697 3297 731 3356 in
753 3315 798 3367 rc,
821 3293 1071 3357 consultationis

45 3392 107 3444 aut
131 3380 347 3442 dubitationis
370 3400 507 3443 causam
529 3381 676 3460 aliquam
699 3379 819 3452 fuisse;
841 3388 887 3453 ut,
908 3377 994 3458 quod
1015 3378 1070 3442 ho·

44 3468 154 3530 mines
170 3474 280 3527 essent
295 3465 562 3539 innumerabiles
573 3465 736 3528 debilitati
751 3487 773 3527 a
783 3467 858 3545 jure
874 3484 1070 3543 cognoscen-

44 3552 97 3626 do,
113 3550 322 3613 voluntatem
337 3549 483 3612 discendi
497 3550 595 3611 simul
609 3550 686 3612 'cum
697 3570 755 3631 spe
770 3549 975 3633 perdiscendi
990 3549 1071 3628 abji-

14 3646 15 3657 ¹
45 3655 209 3700 ceremus.

89 3721 160 3785 Sed
174 3719 246 3782 haec
258 3717 397 3782 Crassus
412 3717 590 3799 aliquando
600 3717 695 3780 nobis
710 3717 870 3800 expediet,
882 3727 915 3780 et
931 3724 1072 3798 exponet

45 3806 218 3888 descripta
243 3805 450 3882 generatim:
478 3811 529 3866 est
550 3803 648 3874 enim,
670 3821 711 3865 ue
734 3802 816 3864 forte
841 3800 979 3869 nescios,
1001 3797 1073 3861 heri
