2434 4286
144 381 204 439 110
403 398 443 439 nn
464 396 714 439 caenomanica
735 396 896 438 securum.

140 552 326 608 versantem
339 551 371 604 et
383 552 630 625 repugnantem,
640 551 678 604 ut
689 544 867 623 imperator
881 541 987 603 bonus
1002 561 1042 603 ac
1054 540 1159 614 fortiS,

140 649 259 709 capere
275 629 386 707 possit.

182 711 283 774 XLV.
312 708 392 772 llaec
408 720 484 772 sunt
507 711 574 777 illa,
590 730 661 789 quae
686 730 738 772 me
762 710 877 770 ludens
901 709 1038 771 Crassus
1061 710 1159 770 rnodo

139 796 323 874 flagitabat,
339 799 414 856 cum
429 816 450 855 a
465 815 517 856 me
533 794 688 855 divinitus
703 795 839 855 tractari
854 795 958 855 solere
974 793 1107 864 diceret,
1123 804 1159 855 et

139 882 173 941 in
189 880 289 941 causi
304 878 350 941 M’
366 879 498 958 Aquilii‚
513 878 548 939 O.
564 899 627 957 que
649 877 807 949 Norbani,
822 879 1050 956 nonnullisque
1073 878 1159 950 aliis,

139 966 233 1043 quasi
259 963 415 1043 praeclard
442 974 528 1034 acta,
554 962 723 1023 laudaret:
752 981 835 1041 quae,
861 960 1059 1034 mehercule,
1084 981 1159 1039 ego,

139 1048 265 1119 Crasse,
288 1050 361 1108 cum
386 1067 407 1108 a
430 1058 462 1109 te
485 1057 670 1108 tractantur
694 1048 728 1107 in
754 1048 873 1117 causis,
895 1047 1026 1107 horrere
1049 1046 1158 1107 soleo:

139 1139 233 1192 tanta
250 1133 299 1191 vis
314 1132 425 1203 animi,
437 1139 548 1193 tantus
564 1133 715 1212 impetus
724 1140 837 1191 tantus
852 1130 951 1201 dolor,
963 1130 1075 1201 oculis,
1086 1130 1158 1191 vul-

138 1226 185 1284 tu,
201 1227 306 1292 gestu,
321 1215 423 1292 digito
438 1215 577 1294 denique
601 1218 662 1277 isto
682 1225 749 1285 tuo,
764 1214 942 1292 significari
957 1215 1061 1276 solet:
1083 1223 1158 1275 tan-

138 1308 210 1363 turn
225 1309 274 1360 est
286 1299 408 1360 flumen
419 1301 687 1376 gravissimorum
698 1300 958 1378 optimorumque
971 1297 1159 1372 verborum,

139 1393 209 1447 tam
233 1384 368 1460 integrae
393 1385 573 1454 seutentiae,
595 1392 664 1443 tarn
679 1401 776 1453 verae,
796 1392 866 1443 tam
881 1402 983 1453 nova,
999 1392 1070 1443 tam
1084 1384 1158 1443 sine

138 1469 315 1548 pigmentis
330 1466 468 1545 fucoque
485 1467 612 1547 puerili,
627 1475 664 1527 ut
686 1465 768 1528 mihi
790 1486 855 1528 non
871 1467 977 1528 solum
991 1475 1029 1528 tu
1046 1468 1158 1528 incen-

138 1552 215 1613 dere
226 1552 382 1630 judicem,
398 1551 454 1612 sed
470 1552 540 1630 ipse
556 1549 680 1622 ardere,
696 1550 846 1611 videaris.

180 1635 297 1713 Neque
313 1635 384 1696 fieri
399 1644 516 1714 potest,
530 1643 567 1695 ut
582 1634 691 1695 doleat
710 1635 807 1713 isqui
823 1633 924 1706 audit,
938 1644 976 1696 ut
991 1634 1106 1706 oderit,
1123 1642 1160 1696 ut

138 1720 295 1789 invideat,
310 1728 347 1779 ut
363 1720 574 1797 pertimescat
590 1718 721 1796 aliquid,
737 1728 773 1779 ut
789 1717 831 1778 ad
847 1719 960 1780 fletum
975 1720 1158 1780 misericor·

138 1802 291 1882 diemque
303 1801 494 1874 deducatur,
505 1804 568 1863 nisi
583 1822 697 1863 omnes
711 1803 733 1862 ii
749 1811 866 1873 motus,
881 1822 961 1881 quos
975 1812 1086 1865 orator
1098 1803 1159 1864 ad-

138 1886 250 1948 hibere
266 1886 354 1947 volet
372 1887 487 1964 judici,
501 1887 534 1947 in
559 1888 629 1966 ipso
645 1893 772 1946 oratore
796 1888 946 1965 impressi
969 1907 1041 1948 esse
1057 1898 1159 1966 atque

138 1971 239 2032 inusti
254 1969 460 2031 videbuntur.
505 1970 604 2045 Quod
625 1972 651 2031 si
667 1969 764 2031 fictus
779 1971 897 2049 aliquis
915 1971 1006 2032 dolor
1020 1974 1161 2051 suscipi-

139 2055 241 2116 endus
256 2064 352 2126 esset,
364 2066 396 2115 et
408 2057 436 2114 si
451 2055 484 2114 in
496 2054 653 2132 ejusmodi
669 2074 789 2131 genere
801 2056 957 2116 orationis
968 2055 1048 2129 nihil
1061 2065 1161 2129 esset,

138 2139 201 2199 nisi
213 2138 332 2201 salsum
345 2149 444 2217 atque
456 2139 639 2200 imitatione
651 2139 850 2208 simulatum,
862 2140 967 2217 major
979 2159 1032 2201 ars
1044 2139 1162 2218 aliqua

64 2254 68 2257 1
138 2221 274 2284 forsitan
291 2230 378 2283 esset
392 2221 596 2300 requirenda.
641 2221 673 2284 N
676 2241 739 2283 unc
754 2243 826 2300 ego,
841 2223 919 2301 quid
940 2224 1010 2296 tibi,
1028 2222 1160 2297 Crasse,

139 2306 215 2385 quid
231 2306 357 2368 caeteris
372 2306 511 2379 accidat,
527 2308 658 2368 nescio:
681 2306 720 2366 de
736 2324 789 2367 rne
809 2316 930 2378 autem,
946 2327 1048 2368 causa
1063 2309 1161 2368 nulla

139 2400 197 2461 cst,
210 2389 372 2471 curupud
388 2389 534 2453 homines
549 2391 817 2471 prudentissimos
828 2400 926 2470 atque
940 2392 1161 2453 amicissimos

138 2476 288 2539 mentiar.
320 2473 352 2537 N
354 2495 406 2546 on,
415 2474 612 2547 mehercule,
623 2493 778 2555 unquam,
787 2474 875 2555 apud
882 2475 1021 2553 JudiceS,
1031 2484 1090 2537 aut
1103 2476 1161 2538 do-

139 2559 250 2631 lorem,
265 2568 324 2621 aut
339 2559 606 2629 misericordiam,
618 2569 676 2621 aut
691 2559 859 2631 invidiam,
871 2568 929 2620 aut
943 2560 1055 2621 odium
1069 2562 1162 2622 exci-

138 2650 210 2704 tare
225 2644 362 2706 dicendo
376 2643 477 2716 volui,
492 2646 569 2723 quin
585 2645 664 2724 ipse,
679 2646 713 2705 in
728 2642 971 2704 commovendis
980 2643 1163 2722 judicibus

138 2727 178 2788 iis
192 2728 271 2808 ipsis
286 2728 446 2799 sensibus
462 2728 504 2789 ad
519 2747 599 2807 quos
618 2728 690 2789 illos
705 2725 868 2789 adducere
884 2728 1014 2799 vellem,
1028 2748 1162 2809 permo-

138 2826 240 2872 verer.
285 2810 402 2892 Neque
414 2813 502 2872 enim
513 2811 612 2874 facile
624 2821 674 2875 est
689 2811 855 2891 perlicere,
865 2821 903 2873 ut
918 2814 1092 2885 irascatur,
1104 2816 1164 2876 cui

137 2902 175 2955 tu
186 2895 279 2966 velis,
289 2896 400 2973 judex,
412 2897 439 2956 si
451 2905 488 2956 tu
499 2898 568 2976 ipse
580 2897 613 2958 id
628 2896 715 2957 lente
728 2894 813 2957 ferre
824 2896 958 2958 videare
970 2919 979 2969 3
1002 2917 1108 2977 neque
1121 2908 1164 2961 ut

58 2984 62 2991 ’
138 2978 242 3039 oderit
257 3000 342 3051 eum,
358 2999 456 3060 quem
477 2990 515 3040 tu
529 2982 621 3052 velis,
636 2980 699 3041 nisi
713 2981 856 3061 teipsum
871 2981 1068 3059 flagrantem
1083 2982 1165 3045 odio

64 3091 70 3101 ·
138 3062 215 3123 ante
231 3063 349 3125 viderit
363 3087 371 3137 ;
393 3062 553 3143 nequead
570 3065 827 3127 misericordiam
842 3064 1032 3138 adducetur,
1048 3066 1111 3126 nisi
1129 3069 1166 3131 ei

137 3157 180 3208 tu
190 3147 285 3224 sigua
301 3147 419 3210 doloris
435 3150 493 3220 tui,
508 3148 626 3220 verbis
641 3151 821 3219 sententiis
837 3169 927 3221 voce,
939 3149 1042 3220 vultu,
1058 3151 1165 3213 colla-

138 3232 340 3312 crymatione
353 3232 503 3311 denique,
515 3232 702 3294 ostenderis.
740 3232 785 3296 Ut
796 3234 884 3294 enim
900 3233 991 3294 nulla
1003 3236 1166 3298 materies

136 3324 207 3376 tam
222 3315 330 3378 facilis
342 3317 384 3378 ad
400 3315 679 3382 exardescendum
694 3324 752 3389 est,
763 3337 846 3396 qua,
855 3319 917 3378 nisi
933 3316 1065 3379 admoto
1079 3319 1166 3396 igni,

137 3400 249 3477 ignem
263 3403 435 3482 concipere
447 3401 568 3481 possit3
590 3403 637 3462 sic
653 3402 744 3462 nulla
758 3421 853 3462 mens
867 3410 917 3463 est
932 3412 1002 3463 tam
1014 3401 1057 3463 ad
1072 3423 1165 3466 com-

137 3483 406 3562 prehendendam
428 3486 494 3546 vim
510 3487 648 3546 oratoris
670 3493 879 3566 parata,quae
894 3488 997 3566 possit
1018 3487 1166 3562 incendi,

136 3568 199 3627 nisi
215 3568 440 3630 inflammatus
454 3570 524 3649 ipse
540 3569 583 3630 ad
598 3588 684 3640 earn,
699 3577 732 3630 et
748 3568 875 3640 ardens,
890 3572 1079 3632 accesseris.

179 3647 295 3711 XLVI.
319 3652 378 3723 Ac,
393 3672 434 3712 ne
449 3652 532 3713 forte
548 3650 609 3714 hoc
624 3672 782 3730 magnum
801 3674 841 3714 ac
856 3653 1007 3716 mirabile
1024 3675 1096 3717 esse
1112 3658 1164 3719 vi-

136 3728 262 3803 deatur,
282 3734 445 3795 hominem
470 3737 567 3797 toties
582 3737 690 3807 irasci,
707 3738 802 3799 toties
815 3737 937 3810 dolere,
955 3741 1055 3801 toties
1069 3744 1165 3804 omui

136 3813 238 3873 animi
255 3828 346 3878 motu
357 3819 525 3893 concitari,
537 3821 718 3900 praesertim
734 3821 768 3882 in
779 3819 878 3883 rebus
893 3823 1022 3896 alienis,
1034 3843 1166 3904 magna
