2434 4286
144 357 205 417 136
403 374 443 415 ιιι
463 373 606 414 carrona
626 372 715 414 mear
734 371 896 414 smarnos.

141 531 179 584 tu
193 520 366 584 Fabricios
381 519 461 581 mihi
476 529 638 591 auctores,
653 527 687 582 et
710 519 892 591 Africanos,
906 516 1089 590 Maximus
1108 517 1180 582 Ca

142 614 244 677 torres,
261 603 401 683 Lepidos
415 604 587 683 protulisti.
631 603 695 665 Sed
710 602 840 664 habetis
855 622 906 674 ea,
921 622 993 681 quae
1009 604 1181 666 voluistis

141 711 183 751 ex
197 710 250 751 me
266 687 390 760 audire,
405 688 445 749 de
461 687 578 766 quibus
591 688 723 767 quidem
739 688 925 749 accuratius
940 686 1129 749 dicendum
1144 698 1181 751 et
1210 688 1211 691 ’

142 772 356 851 cogitandum
371 772 432 834 fuit
445 792 453 831 :
468 792 546 833 nam
558 783 680 834 caetera
690 771 842 832 faciliora
853 781 937 842 sunt,
949 779 1051 850 atque
1062 792 1111 834 ex
1125 773 1181 845 iis,

142 877 215 938 quae
227 860 299 933 jam
315 856 502 927 dictasunt,
518 856 644 936 reliqua
658 866 838 917 nascuntur
853 856 972 916 omnia.

185 940 313 1004 LXXll.
336 939 410 1018 Ego
424 942 513 1002 enim
528 942 603 1002 crim
618 940 661 1001 ad
672 959 809 1002 causam
824 959 897 1000 sum
912 957 1106 1017 aggressus
1126 950 1180 1004 at·
1211 984 1212 987 =

142 1046 205 1106 que
228 1027 339 1087 omnia
360 1024 545 1103 cogitando,
564 1024 672 1103 quoad
692 1022 803 1085 facere
825 1025 926 1103 potui,
948 1034 1179 1103 persecutus3

143 1112 219 1172 crim
233 1126 267 1171 et
283 1118 481 1187 argumenta
495 1128 616 1180 causae,
631 1117 665 1170 et
680 1127 736 1169 eos
750 1108 839 1169 locos
853 1105 970 1185 quibus
988 1109 1096 1170 animi
1119 1111 1179 1188 ju·

143 1194 253 1256 dicum
268 1193 492 1291 conciliantur,
507 1202 541 1254 et
555 1193 628 1254 illos
643 1190 760 1272 quibus
776 1200 1014 1271 permoventur,
1029 1193 1105 1253 vidi
1125 1203 1179 1255 at-

142 1296 207 1357 que
223 1279 383 1357 cognovi3
405 1287 477 1339 tum
491 1276 665 1373 constituo,
676 1275 753 1362 quid
769 1274 1041 1353 habeatquaeque
1060 1296 1180 1338 causa

143 1362 230 1434 boni,
246 1362 324 1459 quid
343 1362 432 1422 mali.
487 1359 592 1422 Nulla
606 1361 694 1421 enim
709 1355 777 1420 fere
793 1379 844 1421 res
858 1366 965 1439 potest
979 1360 1014 1419 in
1029 1358 1177 1423 dicendi

143 1446 414 1528 disceptationem
437 1453 495 1507 aut
518 1444 774 1506 controversiam
789 1463 918 1513 vocari,
927 1462 999 1521 quae
1020 1463 1090 1504 non
1111 1443 1179 1506 ha·

144 1531 223 1592 beat
237 1540 431 1608 utrumque:
454 1527 520 1600 sed,
536 1537 695 1607 quantum
710 1526 841 1598 habeat,
857 1527 901 1587 id·
904 1526 1012 1587 refert.

188 1613 267 1677 Mea
290 1623 400 1674 autem
424 1614 509 1674 ratio
531 1614 565 1673 iu
587 1611 723 1673 dicendo
746 1611 816 1673 haec
832 1630 902 1671 esse
918 1609 1009 1681 solet,
988 1620 1072 1683 tut
1088 1611 1179 1674 boni
1213 1640 1214 1647 ι

144 1697 230 1778 quod
252 1696 384 1768 habeat,
406 1696 439 1757 id
461 1697 653 1777 amplectar,
675 1715 839 1766 exornem,
861 1713 1059 1772 exaggerem
1079 1716 1087 1763 ;
1125 1698 1178 1759 ibi

145 1801 334 1851 commorer,
350 1780 394 1841 ibi
418 1779 573 1851 habitem,
593 1780 638 1841 ibi
660 1779 823 1842 haeream:
847 1799 869 1839 a
883 1779 971 1839 malo
988 1787 1105 1840 autem
1123 1784 1178 1843 vi·
1214 1832 1215 1857 ,

144 1867 254 1945 tioque
270 1883 379 1926 causae
395 1866 443 1927 ita
457 1864 620 1935 recedam,
635 1884 700 1925 non
715 1873 752 1924 ut
774 1864 805 1924 id
822 1880 873 1923 me
889 1862 1045 1939 defugere
1062 1883 1177 1944 appa·
1214 1862 1215 1947 l

144 1961 228 2021 reat,
251 1949 309 2011 sed
331 1959 369 2010 ut
391 1958 507 2019 totum,
527 1948 611 2009 bono
635 1948 700 2009 illo·
711 1947 856 2008 ornando
878 1956 911 2009 et
935 1947 1088 2024 augendo
1104 1949 1178 2011 dis·

145 2034 346 2104 simulatum,
362 2032 527 2094 obruatur.
573 2032 625 2103 Et,
648 2033 676 2092 si
698 2040 868 2092 causaest
889 2032 923 2092 in
938 2034 1177 2109 argumentis;

145 2117 332 2179 firmissima
347 2136 484 2196 quaeque
507 2116 648 2177 maxime
663 2124 767 2187 tueor,
782 2116 852 2176 sive
875 2115 971 2195 plura
993 2125 1079 2188 sunt,
1095 2118 1177 2180 sive
1215 2132 1216 2191 l

146 2201 279 2281 aliquod
300 2219 426 2261 unum:
450 2202 500 2261 sin
523 2211 634 2261 autem
657 2201 690 2260 in
712 2200 941 2261 conciliatione
957 2207 1014 2260 aut
1036 2201 1072 2260 in
1094 2219 1177 2281 per-

147 2288 289 2347 motione
305 2295 481 2355 causaest,
496 2284 538 2346 ad
554 2305 630 2345 eam
644 2304 697 2345 me
712 2285 914 2365 potissimum
938 2293 1077 2364 partem,
1092 2304 1177 2363 quae

146 2369 289 2432 maxime
305 2388 510 2430 commovere
526 2370 651 2430 animos
667 2367 833 2431 hominum
850 2378 965 2447 potest,
981 2367 1127 2429 consero.

189 2453 327 2516 Summa
350 2453 488 2532 denique
511 2451 608 2531 hujus
630 2454 760 2530 generis
781 2450 852 2512 haeo
875 2461 933 2522 est,
948 2461 994 2522 ut,
1015 2453 1041 2511 si
1064 2452 1097 2511 in
1119 2473 1175 2514 re·

146 2537 289 2600 fellendo
310 2537 500 2598 adversario
522 2537 645 2598 firmior
665 2556 737 2598 esse
759 2537 873 2607 oratio,
888 2537 985 2614 quum
1000 2536 1034 2595 in
1049 2536 1175 2598 confir-

146 2623 275 2684 mandis
298 2623 415 2683 nostris
437 2621 543 2692 rebus,
566 2630 682 2701 potest,
697 2622 808 2682 omnia
830 2621 864 2680 in
886 2620 979 2681 illum
995 2620 1173 2683 conferam

146 2708 235 2778 tela3
255 2708 303 2766 sin
320 2716 432 2767 nostra
443 2705 573 2767 sacilirls
587 2705 727 2785 probari,
739 2704 835 2783 quam
851 2702 911 2764 illa
925 2704 1077 2780 redargui
1095 2723 1174 2783 pos

147 2805 232 2859 sunt,
245 2790 408 2851 abducere
424 2791 551 2850 animos
567 2810 588 2849 a
600 2790 760 2850 contraria
777 2788 974 2858 defensioue,
986 2797 1019 2848 et
1035 2787 1078 2848 ad
1094 2808 1173 2850 nos-

102 2942 106 2955 !
147 2882 234 2934 tram
249 2893 348 2934 conor
362 2873 542 2935 traducere.

191 2954 265 3019 Duo
287 2957 426 3035 denique
450 2957 516 3026 illa,
538 2976 610 3035 quae
632 2955 793 3018 facillima
811 2954 973 3028 videntur,
998 2955 1173 3052 (quoniam

147 3060 221 3120 quae
239 3039 424 3102 difficiliora
446 3049 530 3111 sunt,
553 3061 615 3101 non
638 3041 792 3122 possum.)
817 3038 896 3099 milri
918 3059 977 3130 pro
997 3059 1072 3102 meo
1091 3041 1172 3117 jure

148 3144 261 3196 sum03
287 3144 398 3196 unum,
418 3135 455 3185 ut
479 3085 615 3186 mdlesto
641 3134 699 3185 aut
687 3123 851 3185 tdifficili
875 3134 1049 3201 argument
1046 3145 1080 3193 ο,
1108 3135 1173 3186 {rut

148 3209 231 3281 loco,
246 3228 479 3288 nonnunquam
495 3209 627 3269 omnino
641 3207 721 3270 nihil
738 3206 973 3286 respondeam,
996 3207 1080 3285 quod
1103 3206 1171 3269 sor-

149 3296 236 3355 sitan
252 3294 394 3372 aliquis
380 3313 455 3370 Jure
471 3294 628 3354 irriserit:
651 3293 723 3370 quis
739 3294 825 3352 enim
846 3299 905 3362 est,
925 3292 980 3370 qui
1000 3290 1030 3351 id
1055 3290 1171 3354 facere

150 3399 214 3439 nou
238 3376 363 3458 possiti
387 3377 443 3437 sed
467 3386 579 3437 tamen
598 3396 660 3452 ego
674 3374 714 3437 de
730 3376 803 3435 med
824 3394 919 3439 nunc.
940 3374 1064 3436 nonde
1088 3376 1172 3437 alio-

150 3481 232 3532 rum,
248 3461 405 3522 facultate
421 3460 572 3540 disput03
595 3458 814 3538 confiteorque
832 3478 893 3529 me,
909 3460 936 3519 si
951 3477 1023 3538 quoe
1038 3470 1172 3537 promat

94 3542 100 3551 ’
150 3566 202 3605 res
219 3545 451 3614 vehementius
467 3548 515 3604 ita
530 3544 645 3604 cedere
661 3544 774 3612 solere,
791 3552 905 3603 utnon
922 3542 1017 3603 modo
1033 3563 1095 3602 uon
1114 3543 1171 3604 ab·

152 3631 253 3706 jero,
274 3628 329 3689 sed
353 3649 393 3687 ne
417 3630 539 3705 rejecto
555 3627 685 3705 quidem
708 3639 809 3695 scum,
826 3625 939 3703 fugere
957 3625 1089 3698 ridear3
1113 3627 1172 3688 sed

151 3711 306 3773 adhibere
318 3711 483 3791 quandam
500 3711 681 3772 indicendo
693 3714 835 3791 speciem
848 3720 946 3790 atque
959 3731 1125 3792 pompam,
1138 3722 1172 3775 et

152 3813 271 3873 pugnoe
286 3796 426 3855 similem
441 3795 575 3872 sugam3
598 3797 775 3856 consistere
789 3795 869 3855 vero
883 3796 918 3855 in
932 3814 1005 3856 meo
1019 3798 1172 3875 prasidio
