2452 4290
165 380 207 438 to
424 397 463 439 un
483 396 624 438 omneis
645 395 734 438 nmrs
755 396 917 439 saecutus

205 543 340 608 Postero
355 543 458 621 igitur
472 543 535 615 die,
550 542 648 622 quam
661 541 720 603 illa
735 552 830 604 erant
844 553 932 616 acta,
946 541 1025 605 bord
1038 544 1109 608 ferd
1132 566 1168 609 se

164 629 278 699 cundi,
294 630 369 689 cum
384 628 484 689 etiarn
499 638 571 688 tum
593 629 628 687 in
650 625 736 688 lecto
761 625 898 688 Crassus
913 637 1009 701 esset,
1034 639 1067 691 et
1091 629 1184 712 apud

164 734 240 777 eum
270 711 436 792 Sulpicius
462 712 597 783 sederet,
623 711 786 772 Antonius
816 720 928 788 autem
958 714 1186 777 inambularet

163 818 239 860 cum
255 796 349 858 cotta
363 797 397 856 in
412 798 548 876 porticu,
569 795 705 875 repente
721 794 760 855 ed
774 793 816 871 Q.
832 795 969 858 Catulus
989 817 1089 859 senex
1105 818 1186 861 eum

163 881 199 944 C.
229 881 318 944 lulio
347 879 448 941 fratre
474 880 575 941 venit.
619 878 717 955 Quod
745 879 802 940 ubi
832 879 971 953 audivit,
998 893 1186 945 commotus

163 964 300 1027 Crassus
316 965 475 1036 surrexit3
498 982 674 1042 omnesque
690 962 1021 1043 admirati,majorem
1033 967 1186 1045 aliquam

164 1069 235 1111 esse
251 1067 388 1110 eausam
403 1067 515 1109 eorum
531 1047 693 1108 advenitis
707 1049 864 1127 suspicati
884 1057 968 1110 sunt.
1012 1049 1082 1125 Qui
1105 1053 1187 1113 cum

164 1136 248 1195 inter
260 1154 304 1204 se,
315 1141 352 1193 ut
367 1133 511 1212 ipsorum
526 1151 605 1192 usus
620 1130 757 1203 ferebat,
768 1133 966 1194 amicissime
981 1135 1185 1195 consulatis-

164 1226 254 1290 sent3
277 1215 367 1293 Quid
389 1234 448 1276 vos
471 1212 627 1276 tandem?
671 1213 817 1287 Crassus,
833 1214 922 1277 Num
944 1216 1111 1297 quidnam,
1135 1220 1185 1280 in-

163 1303 243 1382 quit,
258 1298 360 1362 novil
404 1298 497 1361 Nihil
521 1299 610 1371 sane,
633 1300 738 1379 inquit
762 1297 921 1361 Catulus:
943 1303 1066 1363 etenim
1088 1302 1187 1364 vides

156 1404 235 1447 ‘esse
260 1385 372 1447 ludos:
394 1383 452 1445 sed
477 1383 543 1463 (vel
567 1391 605 1443 tu
627 1402 687 1443 nos
710 1384 838 1463 ineptos
861 1385 948 1456 licet,
964 1381 1111 1470 [inquit],
1127 1389 1187 1448 vel

163 1470 316 1532 molestos
330 1468 440 1549 putes)
456 1469 531 1530 edm
546 1465 588 1527 ad
603 1487 656 1528 me
680 1467 714 1528 in
738 1465 972 1542 Tusculanum,
984 1470 1097 1549 inquit,
1111 1469 1188 1532 heri

164 1554 292 1635 vesperi
308 1552 452 1614 venisset
467 1550 578 1613 Caesar
601 1550 641 1611 de
664 1550 852 1613 Tusculano
868 1571 936 1624 suo,
951 1552 1031 1615 dixit
1046 1555 1139 1627 mihi,
1164 1577 1189 1616 a

164 1659 199 1700 se
216 1637 401 1700 Scaevolam
412 1635 488 1697 hinc
504 1644 639 1696 euntem
655 1653 726 1695 esse
742 1646 949 1710 conventum,
965 1657 1005 1698 ex
1020 1657 1085 1717 quo
1095 1640 1189 1701 mira

163 1722 316 1802 quaedam
340 1739 374 1780 se
399 1718 528 1781 audisse
551 1718 702 1790 dicebat3
724 1727 879 1797 te,·quem
894 1740 966 1798 ego,
981 1724 1078 1782 toties
1093 1726 1189 1786 omni

163 1807 291 1869 ratione
307 1812 449 1875 tentans,
464 1802 507 1865 ad
522 1802 756 1888 disputandum
770 1803 890 1865 elicere
908 1825 974 1866 non
993 1807 1189 1885 potuissem,

135 1938 137 1943 .
163 1889 328 1972 permulta
342 1888 382 1950 de
398 1888 584 1967 eloquentia
598 1906 674 1949 cum
690 1887 832 1949 Antonio
846 1886 1045 1961 disseruisse,
1057 1899 1101 1960 et,
1110 1900 1188 1951 tan·

164 1993 264 2054 quam
286 1974 320 2034 in
345 1972 464 2044 schola,
487 1972 598 2053 prope,
621 1970 664 2032 ad
689 1969 879 2033 Graecorum
902 1973 1189 2049 consuetudinem,

164 2058 356 2139 disputasse.
401 2055 452 2117 lta
477 2076 529 2117 me
554 2054 656 2116 frater
679 2057 837 2128 exoravit,
858 2077 899 2118 ne
919 2058 1027 2137 ipsum
1049 2059 1189 2139 quidem

165 2163 187 2204 a
212 2141 319 2202 studio
345 2139 499 2219 audiendi
522 2139 620 2200 nimis
643 2137 882 2211 abhorrentem,
902 2140 968 2214 sed,
984 2142 1189 2216 mehercule,

164 2233 343 2295 verentem,
358 2243 400 2285 ne
416 2224 546 2284 molesti
568 2221 660 2284 vobis
682 2221 964 2296 interveniremus
986 2235 1022 2288 ut
1045 2226 1111 2289 huc
1136 2247 1187 2290 se-

165 2329 240 2372 cum
255 2309 410 2369 venirem.
455 2306 639 2369 Scaevolam
651 2308 738 2368 enim
749 2308 797 2367 ita
809 2306 917 2368 dicere
929 2309 1049 2381 aiebat,
1061 2310 1190 2374 bonam

164 2403 293 2475 partem
308 2392 465 2453 sermonis
479 2393 514 2452 in
528 2391 615 2452 huno
630 2391 716 2453 diem
737 2411 808 2452 esse
823 2389 969 2454 dilatam.
1013 2392 1088 2455 Hoc
1104 2396 1133 2456 si
1149 2406 1190 2460 tu

165 2476 314 2558 cupidius
340 2476 465 2537 factum
491 2477 669 2546 existimas
695 2474 819 2537 Cmsari
842 2477 1021 2548 attribues3
1044 2479 1072 2539 si
1088 2477 1189 2542 farni-

165 2561 287 2633 liarius,
303 2560 431 2639 utrique
447 2562 600 2622 nostrum.
646 2558 715 2621 Nos
730 2559 870 2639 quidem,
881 2561 944 2621 nisi
955 2560 1037 2621 forte
1052 2564 1190 2627 molesti

164 2647 411 2715 intervenimus,
426 2645 554 2706 venisse
570 2642 721 2728 delectat.

207 2729 262 2792 IV.
307 2728 393 2790 Tum
409 2727 556 2799 Crassus,
578 2726 751 2806 Equidem,
773 2746 974 2807 quaecunque
999 2748 1104 2791 causa
1127 2752 1191 2795 vos

165 2812 229 2874 huc
246 2813 418 2884 attulisset,
434 2812 573 2884 laetarer,
589 2813 663 2873 cum
680 2811 769 2891 apud
790 2828 843 2872 me
866 2812 1013 2899 viderem
1035 2812 1191 2879 homines

165 2896 246 2958 mihi
262 2897 446 2958 carissimos
461 2904 495 2956 et
510 2896 742 2957 amicissimos:
765 2895 822 2956 sed
837 2904 959 2968 tamen,
975 2899 1051 2957 vere
1064 2897 1181 2962 dicam

165 2982 290 3060 quaevis
316 2981 452 3040 mallem
476 2978 601 3051 suisset,
626 2981 724 3060 quam
750 2980 823 3049 ista,
848 2999 948 3058 quam
974 2982 1064 3043 dicia
1110 2982 1190 3061 Ego

166 3066 255 3126 enim
272 3064 331 3142 (ut,
346 3063 621 3142 quemadmodum
644 3065 759 3135 sentio,
774 3063 902 3142 loquar)
919 3083 1087 3143 nunquam
1103 3068 1189 3129 mihi

165 3149 282 3221 minus,
297 3148 394 3226 quam
419 3148 570 3209 hesterno
585 3148 647 3219 die,
662 3148 782 3227 placui,
799 3148 918 3228 (magis
933 3147 1016 3209 adeo
1031 3148 1064 3209 id
1078 3148 1177 3214 facili

165 3240 236 3295 tate
251 3232 349 3310 quam
360 3231 507 3294 aliaulla
529 3231 625 3311 culpa
647 3233 721 3292 met
744 3230 893 3309 contigit)
910 3233 975 3311 qui,
990 3232 1068 3293 dum
1090 3234 1176 3298 obse

166 3337 247 3396 quor
263 3315 534 3387 adolescentibus
548 3335 601 3376 me
617 3335 729 3376 senem
751 3335 823 3377 esse
848 3335 921 3376 sum
945 3316 1082 3388 oblitus3
1106 3316 1179 3382 feci

166 3421 230 3480 que
246 3400 288 3472 id,
304 3401 390 3479 quod
403 3421 446 3461 ne
462 3399 652 3461 adolescens
663 3399 795 3477 quidem
809 3398 963 3472 feceram,
973 3409 1009 3462 ut
1023 3401 1063 3461 iis
1078 3399 1120 3462 de
1137 3421 1178 3466 re

165 3483 236 3557 bus,
251 3504 324 3564 quae
335 3484 482 3546 doctrina
493 3484 603 3563 aliqud
614 3483 866 3556 continerentur,
877 3484 1090 3564 disputarem.
1118 3484 1191 3551 Sed

166 3567 227 3630 hoe
243 3578 356 3629 tamen
372 3567 490 3630 cecidit
512 3568 594 3629 mihi
618 3569 867 3648 peropportune,
888 3568 983 3647 quod,
1006 3574 1192 3635 transactis

161 3655 235 3732 jam
260 3653 343 3713 meis
365 3651 524 3733 partibus,
548 3652 591 3713 ad
615 3652 794 3714 Antonium
817 3651 1015 3713 audiendum
1036 3655 1191 3720 venistis.

166 3735 253 3799 Tum
267 3735 387 3807 Caesar,
402 3733 573 3815 Equidem,
595 3736 708 3816 inquit,
730 3736 857 3808 Crasse,
879 3736 928 3797 ita
950 3756 1023 3799 sum
1045 3738 1192 3819 cupidus

167 3827 201 3882 te
217 3821 252 3881 iu
266 3820 323 3882 illa
337 3819 483 3898 longiore
499 3839 539 3881 ac
554 3820 714 3901 perpetua
730 3820 952 3902 disputatione
967 3819 1134 3897 audiendi,
1150 3837 1193 3892 ut
