2444 4276
361 367 399 407 un
422 368 563 408 ouaronu
583 368 670 409 ursan
695 365 832 408 ruamus.
1045 347 1109 405 205

86 521 119 575 et
132 513 333 593 exemplum,
343 511 491 589 digestio,
501 512 731 591 interpellatio,
741 511 916 582 contentio,
925 509 1110 579 reticentia-

86 597 341 666 commendatio,
358 617 421 656 vox
436 595 586 677 quadam
602 594 715 665 libera,
731 610 830 673 atque
852 596 955 656 etiam
970 592 1107 655 effrena-

86 684 141 752 tio,
154 679 302 758 augendi
318 680 435 741 oausb:
458 679 639 747 iracundia,
655 678 849 756 objurgatio,
863 680 1041 759 promissi0,
1053 678 1107 739 de-

85 766 247 846 precatio,
271 763 462 834 obsecratio,
477 762 653 823 declinatio
677 761 786 822 brevis
810 782 831 822 a
854 764 1026 842 proposito,
1042 783 1107 823 non

86 858 122 910 ut
137 849 290 928 superior
303 848 362 908 illa
376 848 549 924 degressio‚
561 847 722 926 purgatio,
734 847 930 917 conciliatio,
942 846 1040 919 larsio,
1051 866 1106 925 op·

86 933 182 1002 tatic,
207 940 306 1011 atque
331 931 521 992 exsecratio.
565 929 629 991 His
650 929 719 991 fere
743 928 920 993 ltuninibus
943 931 1107 992 illustrant

86 1018 274 1077 orationem
288 1016 466 1075 sententia.
516 1024 546 1079 b
628 1054 641 1103 Ι

131 1098 218 1161 LIV.
242 1097 408 1160 Orationis
432 1108 544 1159 autem
566 1098 677 1178 ipsiuS,
691 1105 850 1176 tanquam
868 1116 1042 1169 armorum,
1057 1105 1106 1159 est

86 1183 142 1244 vel
158 1182 202 1242 ad
218 1202 313 1243 usum
329 1182 539 1243 comminatio
554 1191 587 1242 et
601 1181 696 1261 quasi
718 1183 841 1260 petitio,
856 1181 909 1241 vel
932 1181 974 1242 ad
989 1201 1106 1243 venus-

85 1276 193 1327 tatem
215 1267 249 1346 ip
267 1286 288 1326 a
302 1267 466 1327 tractatio
511 1263 599 1326 Nam
615 1275 647 1326 et
667 1267 847 1342 geminatio
862 1262 1034 1325 verborum
1050 1265 1106 1327 ha-

86 1350 144 1411 bet
169 1287 334 1410 inteffdum
349 1342 426 1421 vi'm,
448 1344 592 1428 lepiirem
614 1349 715 1420 alias3
742 1357 775 1410 et
797 1347 933 1428 paulum
955 1349 1106 1410 immuta·

88 1443 161 1495 tum
177 1433 314 1494 verbum
338 1442 436 1512 atque
461 1432 633 1504 deflexum,
648 1442 681 1494 et
705 1431 851 1511 ejusdem
874 1430 967 1492 verbi
991 1432 1107 1493 crebra

88 1527 167 1661 tuq
182 1537 203 1578 a
226 1518 330 1597 primo
350 1510 514 1598 repetitio,
528 1527 599 1578 tum
622 1518 657 1577 in
679 1527 862 1577 extremum
880 1516 1058 1588 conversio,
1074 1524 1107 1577 et

87 1602 123 1662 in
161 1601 258 1662 adem
279 1601 381 1663 verba
407 1602 548 1680 impetus
571 1611 604 1662 et
627 1601 805 1671 concursio,
820 1609 853 1660 et
876 1598 1051 1677 adjunctio,
1073 1608 1106 1661 et

87 1686 284 1764 progressio,
308 1694 341 1745 et
361 1685 514 1763 ejusdem
542 1685 635 1746 verbi
661 1684 805 1744 crebrius
834 1684 932 1764 positi
957 1684 1049 1763 quaed
1073 1703 1107 1744 m

89 1769 265 1840 distinctio,
281 1778 314 1829 et
335 1769 502 1830 revocatio
518 1769 620 1913 vequ,
636 1778 668 1829 et
691 1768 758 1838 illa,
773 1787 845 1846 qua
861 1769 934 1827 simi
948 1769 1010 1828 iter
1024 1703 1106 1828 dist-

89 1862 183 1923 nunt,
199 1861 257 1912 aut
277 1873 350 1932 quae
367 1852 487 1914 cadunt
502 1853 563 1913 sim
590 1854 660 1923 tter,
676 1860 734 1912 aut
757 1871 829 1930 quae
853 1850 987 1930 paribus
1013 1852 1108 1931 paria

87 1936 287 2008 referuntur,
308 1945 366 1997 aut
392 1947 561 2015 quaesunt
587 1938 673 1997 iuter
693 1956 728 1996 se
751 1890 879 1995 simiiia.
924 1932 1106 2031 Esqetqam

89 2020 243 2099 gradatio
265 2021 425 2099 quaedam,
441 2030 474 2082 et
496 2023 673 2091 conversio,
696 2029 728 2080 et
751 2018 925 2078 verborum
947 2037 1108 2080 concinna

89 2105 317 2182 transgressio,
332 2113 365 2166 et
387 2106 595 2174 contrarium,
611 2114 644 2165 et
659 2102 859 2174 dissoliitum,
874 2109 907 2163 'et
922 2102 1107 2175 declinatio,

90 2198 125 2251 et
147 2186 365 2268 reprehensio,
380 2199 414 2250 et
428 2189 643 2277 ⁴‘exclamatio
658 2199 691 2249 et
713 2188 905 2258 imminutio,
920 2198 953 2248 et
967 2187 1051 2265 quod
1074 2187 1108 2247 in

90 2273 205 2335 multis
228 2273 359 2333 casibus
380 2273 520 2359 ponitur,
535 2282 567 2332 et
590 2273 684 2350 quod,
699 2272 738 2332 de
759 2272 897 2348 singulis
918 2272 1015 2333 rebus
1037 2291 1108 2351 pro·

89 2358 206 2438 positis
230 2356 373 2428 ductum,
395 2354 534 2418 refertur
557 2355 600 2416 ad
623 2356 761 2434 singula,
784 2364 816 2414 et
840 2355 882 2415 ad
908 2356 1108 2434 propositum

91 2441 244 2517 subjecta
266 2441 359 2512 ratic,
375 2449 408 2500 et
432 2442 510 2501 item
533 2441 567 2500 in
582 2439 761 2499 distributis
783 2441 951 2518 supposita
966 2440 1108 2508 rati0,·et

90 2525 272 2608 permissio,
288 2532 320 2584 et
336 2543 465 2584 rursum
480 2524 548 2585 alia
563 2521 733 2594 dubitatio,
745 2529 777 2581 et
792 2523 1004 2600 improvisum
1019 2520 1107 2598 quid-

92 2609 180 2680 dam,
196 2617 228 2668 et
250 2607 477 2678 dinumeratio,
500 2616 532 2669 et
555 2608 623 2667 alia
645 2606 810 2676 correctio,
829 2615 861 2690 et
883 2603 1061 2684 dissipatio,
1075 2611 1108 2665 ct

91 2692 179 2772 quod
194 2694 429 2764 continuatum,
441 2701 474 2753 et
488 2692 717 2770 interruptum,
729 2698 762 2749 et
784 2689 903 2765 imago,
919 2697 952 2749 et
968 2687 1029 2748 sibi
1045 2674 1121 2767 ipsiu

92 2776 270 2856 responsio,
286 2783 318 2837 et
333 2776 527 2848 immutatio,
543 2784 576 2836 et
591 2774 773 2853 disjunctio,
784 2782 817 2832 et
833 2771 918 2843 ordo,
934 2781 967 2833 et
982 2772 1108 2844 relatio,

93 2869 127 2922 et
142 2859 316 2937 degressio,
328 2868 361 2920 et
376 2859 642 2939 circumscriptio
687 2857 768 2919 Haec
784 2858 872 2918 enim
886 2866 962 2940 sunt
973 2856 1049 2927 sere,
1061 2863 1108 2916 at·

5 2984 7 2989 ·
93 2964 157 3024 que
181 2942 296 3005 horum
311 2945 441 3027 similia,
459 2944 524 3024 (vel
546 2943 642 3024 plura
657 2945 756 3004 etiam
780 2961 850 3002 esse
873 2940 1018 3021 possunt)
1036 2960 1108 3020 quae

93 3029 265 3172 senffitentiis
281 3029 472 3098 orationem,
487 3027 725 3107 verborumque
742 3025 1061 3096 conformationibus,
1072 3024 1108 3085 il·
1177 3050 1182 3056 ·

92 3112 128 3173 lu
166 3113 265 3172 inent.

138 3194 207 3257 LV.
230 3195 315 3270 Qua
330 3194 461 3274 quidem
476 3203 518 3266 te,
530 3193 655 3279 Crasse,
667 3193 771 3277 video,
786 3193 891 3272 inquit
906 3169 1012 3263 Oottai,
1023 3189 1109 3270 quod

5 3316 6 3325 2
93 3290 174 3341 nota
189 3299 259 3340 esse
276 3279 368 3340 nobis
389 3288 494 3359 putes,
510 3279 580 3339 sine
595 3268 846 3347 delinitionibus
861 3284 895 3336 et
916 3277 985 3337 sine
1002 3295 1109 3336 exem·

93 3364 158 3445 plis
173 3361 334 3424 effudisse.
379 3363 452 3440 Ego
468 3362 554 3434 verb,
565 3361 668 3439 inquit
683 3359 819 3421 Crassus
840 3380 880 3420 ne
896 3359 955 3420 illa
969 3359 1109 3439 quidem,

94 3467 168 3526 quae
183 3448 281 3528 supra
302 3447 377 3518 dixi,
392 3467 479 3508 nova
494 3446 586 3507 vobis
602 3462 672 3505 esse
696 3405 900 3514 arbitrdbam
922 3444 980 3504 sed
998 3444 1109 3504 volun-

93 3533 159 3593 tati
174 3533 318 3593 vescum
329 3533 475 3592 omnium
486 3530 589 3610 parui.
634 3527 696 3589 His
707 3536 818 3587 autem
830 3527 869 3588 de
881 3528 978 3589 rebus
993 3527 1041 3587 soi
1056 3546 1109 3587 mc

94 3617 152 3676 ille
168 3615 346 3686 admonuit,
367 3625 404 3676 ut
429 3615 557 3676 brevior
572 3632 686 3684 essem,
702 3612 766 3692 qui,
781 3613 851 3692 ipse
870 3613 943 3690 jam
965 3611 1110 3690 praec'pi-

95 3708 183 3768 ta'us,
197 3720 249 3761 me
265 3720 392 3780 quoque
407 3698 477 3760 baeo
495 3698 697 3779 praecipitem
718 3698 811 3778 paene
826 3695 979 3757 evolvere
995 3712 1011 3752 c
1038 3692 1109 3769 'git

5 3780 6 3785 ’
97 3783 165 3846 Sed
186 3793 300 3846 tamen
323 3783 419 3862 hujus
441 3782 570 3862 generis
592 3780 825 3843 demonstratio
840 3788 900 3849 est,
915 3786 949 3838 et
964 3757 1110 3836 doctrin
