2434 4286
983 300 996 331 θ

320 378 361 422 mr
381 378 524 421 cnaronr
546 378 636 421 ursan
657 378 819 423 meorum.
1020 362 1082 423 117

54 528 134 601 lraec,
146 548 225 610 quae
236 528 414 610 suscipitur
425 526 468 589 ab
483 537 612 589 oratore
628 525 670 588 ad
686 526 935 591 commutandos
945 529 1083 602 animos,

54 624 155 694 atque
168 615 261 675 omni
275 615 404 676 ratione
420 612 607 685 flectendos,
618 613 747 674 intenta
761 633 802 675 ac
817 611 996 676 vehemens
1010 633 1082 676 esse

54 698 170 761 debet.-

99 782 182 846 Llll.
208 782 273 845 Sed
290 790 341 843 est
355 780 508 861 quaedam
530 782 565 842 in
586 779 638 842 his
660 781 787 843 duobus
803 781 980 861 generibus
992 782 1082 862 (quo-

56 889 129 930 rum
145 869 292 931 alterum
303 867 387 937 lene,
400 868 541 928 alterum
553 865 742 938 vehemens,
753 886 824 928 esse
840 867 1005 945 volumus)
1023 867 1082 929 dil·

55 954 153 1015 facilis
177 954 223 1016 ad
245 951 512 1029 distinguendum
528 952 716 1014 similitudo.
761 950 860 1023 Nam,
876 972 917 1015 ex
932 953 988 1013 ills
1002 952 1082 1015 leni-

57 1049 138 1110 tate,
154 1039 222 1118 quei
237 1038 453 1100 conciliamur
467 1037 507 1097 iis
523 1038 578 1115 qui
595 1039 743 1109 audiunt,
754 1037 794 1098 ad
808 1037 894 1099 hanc
909 1039 975 1098 vim
992 1057 1082 1099 acer·

56 1126 188 1195 rimam,
204 1123 269 1204 qui
284 1120 418 1184 eosdem
440 1122 632 1194 excitamus,
656 1122 775 1185 influat
798 1131 926 1203 oportet
949 1123 1083 1201 aliquid,

57 1219 90 1268 ct
107 1228 149 1269 ex
166 1208 231 1270 hac
244 1208 278 1267 vi
289 1225 524 1284 nonnunquam
536 1208 640 1267 animi
654 1207 777 1286 aliquid
794 1203 1083 1286 [inflammandum

57 1293 123 1376 cst]
142 1293 191 1355 illi
208 1292 354 1354 lenitati:
370 1310 476 1370 neque
489 1300 538 1352 cst
549 1290 619 1352 ulla
632 1293 847 1374 temperatior
861 1294 976 1362 oratic,
985 1293 1083 1371 quam

57 1379 126 1447 illa,
143 1379 177 1439 in
193 1377 258 1458 qui
272 1378 435 1457 asperitas
451 1377 668 1437 contentionis
684 1377 822 1438 oratoris
834 1377 935 1456 ipsius
946 1376 1082 1439 human·

58 1466 141 1524 itate
159 1461 333 1532 conditur;
356 1462 503 1522 remissio
519 1470 632 1522 autem
648 1461 795 1522 lenitatis
810 1460 950 1539 quidam
975 1463 1082 1538 gravi-

57 1558 128 1608 tate
146 1560 180 1608 et
197 1547 404 1608 contentione
420 1546 579 1606 firmatur.
625 1545 661 1607 ln
673 1555 810 1625 utroque
835 1552 947 1606 autem
963 1565 1082 1622 genere

58 1631 201 1703 dicendi,
217 1640 251 1692 et
266 1631 323 1692 illo
346 1631 380 1690 in
404 1650 469 1709 quo
492 1631 543 1691 vis
567 1638 665 1709 atque
682 1630 848 1692 contentio
863 1632 1028 1709 quaeritur,
1050 1640 1084 1693 et

57 1715 120 1778 hoc
136 1715 224 1796 quod
239 1714 281 1776 ad
297 1716 402 1776 vitam
413 1723 446 1775 et
457 1733 565 1776 mores
580 1714 858 1787 accommodatur,
873 1723 906 1776 et
921 1716 1084 1795 principia

57 1801 159 1864 tarda
173 1809 260 1871 sunt,
275 1809 309 1861 et
324 1800 430 1860 exitus
455 1808 569 1861 tamen
593 1801 689 1880 spissi
713 1809 746 1860 et
769 1799 920 1880 producti
935 1819 1006 1860 esse
1029 1800 1083 1862 de-

57 1885 149 1948 bent.
195 1884 285 1946 Nam
299 1903 406 1963 neque
423 1884 635 1946 assiliendum
647 1886 760 1945 statim
776 1895 825 1946 est
836 1884 878 1943 ad
890 1883 970 1945 illud
980 1903 1084 1961 genus

57 1971 240 2041 orationis3
264 1970 358 2030 abest
373 1970 461 2030 enim
476 1977 582 2030 totum
598 1990 619 2030 a
636 1969 754 2041 causi3
777 1977 811 2030 et
825 1968 973 2031 homiues
995 1971 1084 2050 priris

58 2057 169 2138 ipsum
184 2054 275 2125 illud,
286 2053 372 2134 quod
387 2055 554 2134 proprium
569 2055 620 2115 sui
631 2054 747 2132 judicii
759 2060 818 2127 est,
830 2053 944 2115 audire
960 2053 1083 2115 doside-

58 2150 135 2203 rant
149 2162 157 2212 3
182 2159 252 2210 neo,
268 2141 342 2201 curn
358 2140 391 2201 in
408 2158 483 2199 eam
498 2141 661 2199 rationem
684 2140 849 2217 ingressus
864 2140 917 2211 sis,
933 2140 1085 2202 celeriter

58 2223 295 2287 discedendum
311 2234 370 2285 est.
415 2222 491 2285 Non
507 2225 605 2295 enim,
621 2224 706 2285 siout
728 2234 971 2304 argumentum,
986 2224 1084 2286 simul

59 2320 161 2391 atque
177 2310 322 2389 positum
336 2316 395 2380 est,
406 2309 575 2388 arripitur,
596 2308 800 2389 alterumque
815 2318 849 2372 et
863 2311 997 2371 tertium
1011 2327 1083 2388 pos·

59 2397 157 2466 citur,
172 2395 221 2454 ita
235 2393 502 2465 misericordiam,
525 2401 583 2454 aut
604 2392 773 2466 invidiam,
788 2403 847 2456 aut
869 2393 1084 2466 iracundiam,

57 2479 159 2542 simul
176 2488 276 2558 atquc
291 2478 449 2548 intuleris
464 2479 569 2557 possis
580 2487 797 2540 commovere:
842 2479 1084 2556 Argumentum

59 2567 151 2627 euim
166 2565 252 2625 ratio
267 2564 340 2642 ipsa
354 2561 537 2634 confirmat,
552 2581 624 2641 quae
639 2561 737 2623 simul
761 2570 859 2641 atque
883 2563 1004 2623 emissa
1026 2569 1084 2634 est,

59 2647 277 2711 adhaerescit:
300 2646 381 2708 illud
397 2655 510 2709 eutem
526 2666 630 2724 genus
653 2647 810 2707 orationis
824 2666 889 2707 non
905 2647 1084 2724 cognition·

59 2753 114 2796 em
137 2731 269 2810 judicia
294 2731 352 2793 sed
377 2730 484 2809 magis
506 2730 797 2812 perturbationem,
818 2730 962 2810 requirit,
984 2748 1085 2810 quam

59 2818 229 2896 consequi,
244 2818 307 2878 nisi
322 2816 425 2877 multi
440 2826 473 2877 et
487 2815 581 2877 varii
596 2816 774 2896 etcopiose
788 2818 946 2889 oratione,
961 2824 995 2878 et
1010 2817 1084 2877 sim·

59 2903 96 2965 ili
111 2903 322 2966 contentione
346 2901 494 2973 actionis,
519 2921 616 2963 nemo
640 2909 755 2982 potest.
799 2900 924 2978 Quare,
947 2901 1003 2981 qui
1025 2907 1085 2963 aut

59 2987 210 3049 breviter
225 2996 283 3048 aut
307 2984 466 3046 submisse
486 2985 610 3058 dicunt,
633 2986 750 3048 docere
770 2986 918 3065 judicem
940 2993 1085 3067 possunt,

60 3091 271 3135 commovere
286 3090 352 3131 non
366 3078 521 3151 possunt;
543 3071 578 3131 in
593 3090 656 3150 quo
672 3080 747 3133 sunt
758 3073 878 3133 omnia.
910 3070 987 3133 lam
1002 3068 1085 3132 illud

59 3157 275 3240 perspicuum
300 3164 359 3226 est,
386 3156 532 3216 omnium
561 3175 671 3217 rerum
697 3157 731 3216 in
761 3157 944 3218 contrarias
972 3164 1085 3235 partes

60 3240 259 3303 facultatem
274 3260 315 3301 ex
330 3238 445 3301 iisdem
460 3239 664 3321 suppeditari
675 3239 764 3301 locis·
808 3238 874 3301 Sed
889 3246 1085 3316 argumento

60 3324 282 3390 resistendum
304 3332 363 3395 est,
386 3331 444 3384 aut
466 3324 515 3394 iis,
537 3344 610 3404 quae
635 3322 869 3404 comprobandi
891 3323 963 3401 ejus
984 3321 1085 3384 causi

61 3419 244 3481 sumuntur,
260 3407 544 3489 reprehendendis
567 3417 625 3469 aut
648 3405 911 3479 demonstrando,
934 3406 977 3480 id,
998 3405 1084 3488 quod

61 3493 258 3558 concludere
282 3494 330 3555 illi
354 3494 466 3565 velint,
481 3513 545 3555 non
568 3491 654 3554 effici
670 3512 710 3554 ex
725 3493 907 3573 propositis,
928 3511 990 3554 nec
1013 3510 1084 3555 csse

61 3598 287 3659 consequens:
310 3586 379 3651 aut,
401 3578 429 3639 si
451 3579 500 3640 ita
520 3597 586 3639 non
601 3575 744 3649 refellas
759 3575 964 3639 afferendum
979 3585 1028 3639 est
1050 3577 1084 3639 in

61 3664 264 3728 contrariam
292 3672 431 3745 partem,
459 3661 545 3743 quod
574 3664 616 3724 sit
645 3669 704 3723 aut
733 3662 877 3739 gravius,
904 3671 963 3723 aut
991 3661 1084 3741 aequd

61 3768 176 3828 grave.
214 3747 276 3809 Illa
291 3756 413 3819 autem,
424 3766 498 3826 quae
514 3755 572 3808 aut
587 3746 825 3808 conciliationis
840 3746 941 3808 causi
956 3746 1084 3816 leniter,
1112 3810 1114 3813 ,

61 3843 123 3897 aut
146 3833 360 3916 permotionis
382 3830 604 3904 vehementer,
625 3839 778 3909 aguntur,
804 3829 976 3890 contrariis
998 3842 1083 3888 com·
