<?xml version="1.0" encoding="UTF-8"?>
<!DOCTYPE html PUBLIC "-//W3C//DTD XHTML 1.0 Transitional//EN"
    "http://www.w3.org/TR/xhtml1/DTD/xhtml1-transitional.dtd">
<html xmlns="http://www.w3.org/1999/xhtml" xml:lang="en" lang="en">
 <head>
  <title>
</title>
<meta http-equiv="Content-Type" content="text/html;charset=utf-8" />
  <meta name='ocr-system' content='tesseract 3.04.00' />
  <meta name='ocr-capabilities' content='ocr_page ocr_carea ocr_par ocr_line ocrx_word'/>
</head>
<body>
  <div class='ocr_page' id='page_1' title='image "./mtulliiciceroni00kinggoog_0209.png"; bbox 0 0 2444 4276; ppageno 0'>
   <div class='ocr_carea' id='block_1_1' title="bbox 363 369 1196 427">
    <p class='ocr_par' dir='ltr' id='par_1_1' title="bbox 363 369 1196 427">
     <span class='ocr_line' id='line_1_1' title="bbox 363 369 1196 427; baseline 0.001 -3"><span class='ocrx_word' id='word_1_1' title='bbox 363 383 404 425; x_wconf 78' lang='lat' dir='ltr'>nr</span> <span class='ocrx_word' id='word_1_2' title='bbox 425 383 567 425; x_wconf 74' lang='lat' dir='ltr'>canrosa</span> <span class='ocrx_word' id='word_1_3' title='bbox 587 383 676 425; x_wconf 81' lang='grc' dir='ltr'>ιιιιιιι</span> <span class='ocrx_word' id='word_1_4' title='bbox 697 383 834 425; x_wconf 78' lang='lat' dir='ltr'>marrus</span> <span class='ocrx_word' id='word_1_5' title='bbox 1046 369 1106 427; x_wconf 78' lang='lat'>201</span> <span class='ocrx_word' id='word_1_6' title='bbox 1191 418 1196 425; x_wconf 92' lang='lat'>.</span> 
     </span>
    </p>
   </div>
   <div class='ocr_carea' id='block_1_2' title="bbox 6 509 1114 3414">
    <p class='ocr_par' dir='ltr' id='par_1_2' title="bbox 6 509 1114 3397">
     <span class='ocr_line' id='line_1_2' title="bbox 28 509 1110 631; baseline -0.002 -35.895"><span class='ocrx_word' id='word_1_7' title='bbox 28 509 135 631; x_wconf 64' lang='grc' dir='ltr'>ἰ’ᾳ,</span> <span class='ocrx_word' id='word_1_8' title='bbox 151 550 252 610; x_wconf 89' lang='lat' dir='ltr'>quem</span> <span class='ocrx_word' id='word_1_9' title='bbox 267 531 391 613; x_wconf 80' lang='lat' dir='ltr'>scripsi,</span> <span class='ocrx_word' id='word_1_10' title='bbox 405 530 525 603; x_wconf 89' lang='lat' dir='ltr'>libello,</span> <span class='ocrx_word' id='word_1_11' title='bbox 540 551 594 593; x_wconf 91' lang='lat' dir='ltr'>me</span> <span class='ocrx_word' id='word_1_12' title='bbox 609 551 783 604; x_wconf 72' lang='lat' dir='ltr'>micuisse,</span> <span class='ocrx_word' id='word_1_13' title='bbox 798 531 1015 611; x_wconf 89' lang='lat' dir='ltr'>eloquentem</span> <span class='ocrx_word' id='word_1_14' title='bbox 1044 529 1110 593; x_wconf 89' lang='lat' dir='ltr'>Sed</span> 
     </span>
     <span class='ocr_line' id='line_1_3' title="bbox 12 594 1110 697; baseline -0.001 -19"><span class='ocrx_word' id='word_1_15' title='bbox 12 594 35 683; x_wconf 66' lang='lat' dir='ltr'>&#39;f</span> <span class='ocrx_word' id='word_1_16' title='bbox 82 615 125 678; x_wconf 80' lang='lat' dir='ltr'>eo</span> <span class='ocrx_word' id='word_1_17' title='bbox 141 626 175 677; x_wconf 88' lang='lat' dir='ltr'>te</span> <span class='ocrx_word' id='word_1_18' title='bbox 192 635 234 676; x_wconf 90' lang='lat' dir='ltr'>ne</span> <span class='ocrx_word' id='word_1_19' title='bbox 249 613 407 677; x_wconf 91' lang='lat' dir='ltr'>laudandi</span> <span class='ocrx_word' id='word_1_20' title='bbox 421 615 553 696; x_wconf 90' lang='lat' dir='ltr'>quidem</span> <span class='ocrx_word' id='word_1_21' title='bbox 571 616 671 679; x_wconf 77' lang='lat' dir='ltr'>causi</span> <span class='ocrx_word' id='word_1_22' title='bbox 686 616 905 697; x_wconf 83' lang='lat' dir='ltr'>interpellavi,</span> <span class='ocrx_word' id='word_1_23' title='bbox 919 637 960 678; x_wconf 89' lang='lat' dir='ltr'>ne</span> <span class='ocrx_word' id='word_1_24' title='bbox 977 615 1055 696; x_wconf 90' lang='lat' dir='ltr'>quid</span> <span class='ocrx_word' id='word_1_25' title='bbox 1070 616 1110 678; x_wconf 91' lang='lat' dir='ltr'>de</span> 
     </span>
     <span class='ocr_line' id='line_1_4' title="bbox 24 699 1111 782; baseline -0.001 -18.945"><span class='ocrx_word' id='word_1_26' title='bbox 24 699 149 779; x_wconf 86' lang='lat' dir='ltr'>bpc</span> <span class='ocrx_word' id='word_1_27' title='bbox 173 708 245 761; x_wconf 91' lang='lat' dir='ltr'>tam</span> <span class='ocrx_word' id='word_1_28' title='bbox 267 702 388 778; x_wconf 84' lang='lat' dir='ltr'>exiguo</span> <span class='ocrx_word' id='word_1_29' title='bbox 408 701 565 762; x_wconf 87' lang='lat' dir='ltr'>sermonis</span> <span class='ocrx_word' id='word_1_30' title='bbox 587 702 636 762; x_wconf 93' lang='lat' dir='ltr'>tui</span> <span class='ocrx_word' id='word_1_31' title='bbox 659 710 816 782; x_wconf 91' lang='lat' dir='ltr'>tempore,</span> <span class='ocrx_word' id='word_1_32' title='bbox 831 700 932 763; x_wconf 88' lang='lat' dir='ltr'>verbo</span> <span class='ocrx_word' id='word_1_33' title='bbox 946 721 1013 763; x_wconf 90' lang='lat' dir='ltr'>uno</span> <span class='ocrx_word' id='word_1_34' title='bbox 1028 720 1111 773; x_wconf 90' lang='lat' dir='ltr'>meo,</span> 
     </span>
     <span class='ocr_line' id='line_1_5' title="bbox 23 766 839 871; baseline -0.001 -25.998"><span class='ocrx_word' id='word_1_35' title='bbox 23 849 32 871; x_wconf 72' lang='lat'>·.</span> <span class='ocrx_word' id='word_1_36' title='bbox 24 766 334 846; x_wconf 82' lang='lat' dir='ltr'>diminueretur.</span> <span class='ocrx_word' id='word_1_37' title='bbox 836 830 839 835; x_wconf 31' lang='lat'><strong>⁴</strong></span> 
     </span>
     <span class='ocr_line' id='line_1_6' title="bbox 22 867 1111 949; baseline 0.004 -21"><span class='ocrx_word' id='word_1_38' title='bbox 22 881 25 885; x_wconf 78' lang='grc'>’</span> <span class='ocrx_word' id='word_1_39' title='bbox 130 867 262 929; x_wconf 87' lang='lat' dir='ltr'>Hanc</span> <span class='ocrx_word' id='word_1_40' title='bbox 253 870 314 947; x_wconf 78' lang='lat' dir='ltr'>igit</span> <span class='ocrx_word' id='word_1_41' title='bbox 315 889 364 941; x_wconf 90' lang='lat' dir='ltr'>ur,</span> <span class='ocrx_word' id='word_1_42' title='bbox 385 867 522 930; x_wconf 80' lang='lat' dir='ltr'>Crassus</span> <span class='ocrx_word' id='word_1_43' title='bbox 543 869 658 949; x_wconf 86' lang='lat' dir='ltr'>inquit,</span> <span class='ocrx_word' id='word_1_44' title='bbox 673 867 716 930; x_wconf 94' lang='lat' dir='ltr'>ad</span> <span class='ocrx_word' id='word_1_45' title='bbox 731 869 848 947; x_wconf 84' lang='lat' dir='ltr'>legem,</span> <span class='ocrx_word' id='word_1_46' title='bbox 863 871 938 932; x_wconf 81' lang='lat' dir='ltr'>crim</span> <span class='ocrx_word' id='word_1_47' title='bbox 953 870 1111 932; x_wconf 87' lang='lat' dir='ltr'>exercita·</span> 
     </span>
     <span class='ocr_line' id='line_1_7' title="bbox 19 933 1112 1041; baseline 0.001 -28.063"><span class='ocrx_word' id='word_1_48' title='bbox 19 933 189 1041; x_wconf 54' lang='lat' dir='ltr'>ftiona</span> <span class='ocrx_word' id='word_1_49' title='bbox 204 963 319 1015; x_wconf 90' lang='lat' dir='ltr'>tumt</span> <span class='ocrx_word' id='word_1_50' title='bbox 290 973 305 1014; x_wconf 91' lang='lat' dir='ltr'>s</span> <span class='ocrx_word' id='word_1_51' title='bbox 307 954 373 1025; x_wconf 90' lang='lat' dir='ltr'>tilo,</span> <span class='ocrx_word' id='word_1_52' title='bbox 390 954 458 1035; x_wconf 89' lang='lat' dir='ltr'>(qui</span> <span class='ocrx_word' id='word_1_53' title='bbox 474 962 507 1015; x_wconf 85' lang='lat' dir='ltr'>et</span> <span class='ocrx_word' id='word_1_54' title='bbox 523 954 601 1024; x_wconf 86' lang='lat' dir='ltr'>alia,</span> <span class='ocrx_word' id='word_1_55' title='bbox 617 963 650 1015; x_wconf 88' lang='lat' dir='ltr'>et</span> <span class='ocrx_word' id='word_1_56' title='bbox 671 953 733 1016; x_wconf 92' lang='lat' dir='ltr'>hoc</span> <span class='ocrx_word' id='word_1_57' title='bbox 751 955 894 1015; x_wconf 80' lang='lat' dir='ltr'>maxime</span> <span class='ocrx_word' id='word_1_58' title='bbox 909 964 1004 1016; x_wconf 91' lang='lat' dir='ltr'>omat</span> <span class='ocrx_word' id='word_1_59' title='bbox 1019 975 1059 1016; x_wconf 89' lang='lat' dir='ltr'>ac</span> <span class='ocrx_word' id='word_1_60' title='bbox 1075 954 1112 1015; x_wconf 94' lang='lat' dir='ltr'>li·</span> 
     </span>
     <span class='ocr_line' id='line_1_8' title="bbox 13 1028 1111 1118; baseline 0.003 -21"><span class='ocrx_word' id='word_1_61' title='bbox 13 1103 22 1114; x_wconf 33' lang='lat' dir='ltr'>p</span> <span class='ocrx_word' id='word_1_62' title='bbox 19 1028 184 1113; x_wconf 86' lang='grc' dir='ltr'>ιιιιι,)</span> <span class='ocrx_word' id='word_1_63' title='bbox 212 1035 385 1099; x_wconf 81' lang='lat' dir='ltr'>formanda</span> <span class='ocrx_word' id='word_1_64' title='bbox 414 1037 507 1099; x_wconf 91' lang='lat' dir='ltr'>nobis</span> <span class='ocrx_word' id='word_1_65' title='bbox 532 1040 638 1100; x_wconf 87' lang='lat' dir='ltr'>oratio</span> <span class='ocrx_word' id='word_1_66' title='bbox 664 1048 722 1099; x_wconf 87' lang='lat' dir='ltr'>est.</span> <span class='ocrx_word' id='word_1_67' title='bbox 767 1037 884 1118; x_wconf 88' lang='lat' dir='ltr'>Neque</span> <span class='ocrx_word' id='word_1_68' title='bbox 909 1049 1023 1101; x_wconf 90' lang='lat' dir='ltr'>tamen</span> <span class='ocrx_word' id='word_1_69' title='bbox 1049 1037 1111 1100; x_wconf 87' lang='lat' dir='ltr'>hoc</span> 
     </span>
     <span class='ocr_line' id='line_1_9' title="bbox 10 1120 1111 1204; baseline 0.001 -22"><span class='ocrx_word' id='word_1_70' title='bbox 10 1128 25 1197; x_wconf 32' lang='grc' dir='ltr'>’ψ’</span> <span class='ocrx_word' id='word_1_71' title='bbox 84 1123 176 1183; x_wconf 87' lang='lat' dir='ltr'>tanti</span> <span class='ocrx_word' id='word_1_72' title='bbox 191 1120 312 1183; x_wconf 87' lang='lat' dir='ltr'>laboris</span> <span class='ocrx_word' id='word_1_73' title='bbox 327 1132 387 1195; x_wconf 89' lang='lat' dir='ltr'>est,</span> <span class='ocrx_word' id='word_1_74' title='bbox 402 1123 517 1201; x_wconf 91' lang='lat' dir='ltr'>quanti</span> <span class='ocrx_word' id='word_1_75' title='bbox 534 1121 683 1184; x_wconf 86' lang='lat' dir='ltr'>videtur:</span> <span class='ocrx_word' id='word_1_76' title='bbox 706 1143 768 1183; x_wconf 88' lang='lat' dir='ltr'>nec</span> <span class='ocrx_word' id='word_1_77' title='bbox 778 1132 854 1184; x_wconf 89' lang='lat' dir='ltr'>sunt</span> <span class='ocrx_word' id='word_1_78' title='bbox 869 1122 940 1184; x_wconf 83' lang='lat' dir='ltr'>haec</span> <span class='ocrx_word' id='word_1_79' title='bbox 955 1122 1111 1204; x_wconf 86' lang='lat' dir='ltr'>rhythmi·</span> 
     </span>
     <span class='ocr_line' id='line_1_10' title="bbox 9 1205 1112 1289; baseline -0.001 -21"><span class='ocrx_word' id='word_1_80' title='bbox 9 1216 13 1289; x_wconf 50' lang='grc' dir='ltr'>ζ</span> <span class='ocrx_word' id='word_1_81' title='bbox 86 1225 206 1268; x_wconf 89' lang='lat' dir='ltr'>corum</span> <span class='ocrx_word' id='word_1_82' title='bbox 226 1225 266 1268; x_wconf 91' lang='lat' dir='ltr'>ac</span> <span class='ocrx_word' id='word_1_83' title='bbox 286 1208 485 1268; x_wconf 87' lang='lat' dir='ltr'>musicorum</span> <span class='ocrx_word' id='word_1_84' title='bbox 501 1207 661 1268; x_wconf 88' lang='lat' dir='ltr'>acerrima</span> <span class='ocrx_word' id='word_1_85' title='bbox 676 1208 788 1268; x_wconf 74' lang='lat' dir='ltr'>norma</span> <span class='ocrx_word' id='word_1_86' title='bbox 802 1206 981 1285; x_wconf 85' lang='lat' dir='ltr'>dirigenda,</span> <span class='ocrx_word' id='word_1_87' title='bbox 996 1220 1030 1270; x_wconf 91' lang='lat' dir='ltr'>et</span> <span class='ocrx_word' id='word_1_88' title='bbox 1045 1205 1112 1268; x_wconf 91' lang='lat' dir='ltr'>effi·</span> 
     </span>
     <span class='ocr_line' id='line_1_11' title="bbox 9 1282 1112 1436; baseline 0 -85"><span class='ocrx_word' id='word_1_89' title='bbox 9 1296 23 1311; x_wconf 80' lang='grc'>’“</span> <span class='ocrx_word' id='word_1_90' title='bbox 86 1289 245 1353; x_wconf 89' lang='lat' dir='ltr'>ciendum</span> <span class='ocrx_word' id='word_1_91' title='bbox 267 1299 317 1352; x_wconf 88' lang='lat' dir='ltr'>est</span> <span class='ocrx_word' id='word_1_92' title='bbox 336 1282 419 1352; x_wconf 88' lang='lat' dir='ltr'>illud</span> <span class='ocrx_word' id='word_1_93' title='bbox 440 1290 536 1352; x_wconf 81' lang='lat' dir='ltr'>modo</span> <span class='ocrx_word' id='word_1_94' title='bbox 550 1291 653 1363; x_wconf 89' lang='lat' dir='ltr'>uobis,</span> <span class='ocrx_word' id='word_1_95' title='bbox 668 1312 710 1351; x_wconf 91' lang='lat' dir='ltr'>ne</span> <span class='ocrx_word' id='word_1_96' title='bbox 726 1290 808 1351; x_wconf 88' lang='lat' dir='ltr'>fluat</span> <span class='ocrx_word' id='word_1_97' title='bbox 825 1293 941 1363; x_wconf 88' lang='lat' dir='ltr'>oratio,</span> <span class='ocrx_word' id='word_1_98' title='bbox 955 1312 996 1436; x_wconf 66' lang='lat' dir='ltr'>nte</span> <span class='ocrx_word' id='word_1_99' title='bbox 1012 1310 1112 1369; x_wconf 85' lang='lat' dir='ltr'>vage·</span> 
     </span>
     <span class='ocr_line' id='line_1_12' title="bbox 13 1375 1112 1472; baseline 0.001 -36"><span class='ocrx_word' id='word_1_100' title='bbox 13 1442 17 1456; x_wconf 30' lang='grc'>1</span> <span class='ocrx_word' id='word_1_101' title='bbox 85 1383 153 1445; x_wconf 89' lang='lat' dir='ltr'>tur,</span> <span class='ocrx_word' id='word_1_102' title='bbox 169 1395 211 1435; x_wconf 92' lang='lat' dir='ltr'>ne</span> <span class='ocrx_word' id='word_1_103' title='bbox 227 1375 318 1435; x_wconf 90' lang='lat' dir='ltr'>insist</span> <span class='ocrx_word' id='word_1_104' title='bbox 306 1383 356 1435; x_wconf 92' lang='grc' dir='ltr'>ιιι</span> <span class='ocrx_word' id='word_1_105' title='bbox 376 1377 520 1446; x_wconf 80' lang='lat' dir='ltr'>interius,</span> <span class='ocrx_word' id='word_1_106' title='bbox 542 1396 584 1437; x_wconf 91' lang='lat' dir='ltr'>ne</span> <span class='ocrx_word' id='word_1_107' title='bbox 603 1384 756 1472; x_wconf 66' lang='lat' dir='ltr'>excurrat</span> <span class='ocrx_word' id='word_1_108' title='bbox 780 1375 989 1453; x_wconf 82' lang='lat' dir='ltr'>longibs3ut</span> <span class='ocrx_word' id='word_1_109' title='bbox 951 1395 1112 1437; x_wconf 88' lang='lat' dir='ltr'>u-mem</span> 
     </span>
     <span class='ocr_line' id='line_1_13' title="bbox 8 1456 1110 1543; baseline -0.001 -23"><span class='ocrx_word' id='word_1_110' title='bbox 8 1456 21 1543; x_wconf 46' lang='lat' dir='ltr'><strong><em>J</em></strong></span> <span class='ocrx_word' id='word_1_111' title='bbox 86 1458 159 1520; x_wconf 87' lang='lat' dir='ltr'>bris</span> <span class='ocrx_word' id='word_1_112' title='bbox 184 1458 415 1536; x_wconf 87' lang='lat' dir='ltr'>distinguatur,</span> <span class='ocrx_word' id='word_1_113' title='bbox 445 1468 482 1520; x_wconf 92' lang='lat' dir='ltr'>ut</span> <span class='ocrx_word' id='word_1_114' title='bbox 511 1461 740 1521; x_wconf 83' lang='lat' dir='ltr'>conversiones</span> <span class='ocrx_word' id='word_1_115' title='bbox 772 1458 895 1521; x_wconf 89' lang='lat' dir='ltr'>habeat</span> <span class='ocrx_word' id='word_1_116' title='bbox 932 1459 1110 1520; x_wconf 87' lang='lat' dir='ltr'>absolutas.</span> 
     </span>
     <span class='ocr_line' id='line_1_14' title="bbox 8 1540 1113 1625; baseline 0.005 -26"><span class='ocrx_word' id='word_1_117' title='bbox 8 1540 20 1599; x_wconf 74' lang='grc'>,“</span> <span class='ocrx_word' id='word_1_118' title='bbox 86 1540 210 1622; x_wconf 89' lang='lat' dir='ltr'>Neque</span> <span class='ocrx_word' id='word_1_119' title='bbox 233 1563 364 1624; x_wconf 84' lang='lat' dir='ltr'>semper</span> <span class='ocrx_word' id='word_1_120' title='bbox 385 1543 543 1606; x_wconf 86' lang='lat' dir='ltr'>utendum</span> <span class='ocrx_word' id='word_1_121' title='bbox 562 1553 612 1606; x_wconf 88' lang='lat' dir='ltr'>est</span> <span class='ocrx_word' id='word_1_122' title='bbox 635 1545 865 1625; x_wconf 84' lang='lat' dir='ltr'>perpetuitate,</span> <span class='ocrx_word' id='word_1_123' title='bbox 881 1552 914 1605; x_wconf 94' lang='lat' dir='ltr'>et</span> <span class='ocrx_word' id='word_1_124' title='bbox 929 1545 1023 1623; x_wconf 86' lang='lat' dir='ltr'>quasi</span> <span class='ocrx_word' id='word_1_125' title='bbox 1038 1563 1113 1605; x_wconf 90' lang='lat' dir='ltr'>con·</span> 
     </span>
     <span class='ocr_line' id='line_1_15' title="bbox 8 1626 1114 1713; baseline 0 -25"><span class='ocrx_word' id='word_1_126' title='bbox 8 1640 15 1713; x_wconf 56' lang='lat' dir='ltr'><strong><em>J</em></strong></span> <span class='ocrx_word' id='word_1_127' title='bbox 86 1629 242 1689; x_wconf 82' lang='lat' dir='ltr'>versione</span> <span class='ocrx_word' id='word_1_128' title='bbox 258 1626 443 1699; x_wconf 85' lang='lat' dir='ltr'>verborum,</span> <span class='ocrx_word' id='word_1_129' title='bbox 465 1628 522 1689; x_wconf 91' lang='lat' dir='ltr'>sed</span> <span class='ocrx_word' id='word_1_130' title='bbox 543 1628 637 1709; x_wconf 77' lang='lat' dir='ltr'>saepe‘</span> <span class='ocrx_word' id='word_1_131' title='bbox 645 1628 811 1709; x_wconf 87' lang='lat' dir='ltr'>carpenda</span> <span class='ocrx_word' id='word_1_132' title='bbox 832 1628 987 1690; x_wconf 91' lang='lat' dir='ltr'>membris</span> <span class='ocrx_word' id='word_1_133' title='bbox 1009 1629 1114 1689; x_wconf 89' lang='lat' dir='ltr'>minu·</span> 
     </span>
     <span class='ocr_line' id='line_1_16' title="bbox 8 1709 1112 1795; baseline 0.003 -24"><span class='ocrx_word' id='word_1_134' title='bbox 8 1709 18 1795; x_wconf 60' lang='grc' dir='ltr'>ζ’</span> <span class='ocrx_word' id='word_1_135' title='bbox 87 1711 230 1773; x_wconf 91' lang='lat' dir='ltr'>tioribus</span> <span class='ocrx_word' id='word_1_136' title='bbox 241 1713 346 1774; x_wconf 90' lang='lat' dir='ltr'>oratio</span> <span class='ocrx_word' id='word_1_137' title='bbox 362 1721 430 1783; x_wconf 81' lang='lat' dir='ltr'>est3</span> <span class='ocrx_word' id='word_1_138' title='bbox 446 1732 519 1792; x_wconf 88' lang='lat' dir='ltr'>quae</span> <span class='ocrx_word' id='word_1_139' title='bbox 530 1721 644 1774; x_wconf 87' lang='lat' dir='ltr'>tamen</span> <span class='ocrx_word' id='word_1_140' title='bbox 659 1714 733 1794; x_wconf 87' lang='lat' dir='ltr'>ipsa</span> <span class='ocrx_word' id='word_1_141' title='bbox 746 1713 896 1775; x_wconf 89' lang='lat' dir='ltr'>membra</span> <span class='ocrx_word' id='word_1_142' title='bbox 911 1722 987 1775; x_wconf 90' lang='lat' dir='ltr'>sunt</span> <span class='ocrx_word' id='word_1_143' title='bbox 1001 1732 1112 1774; x_wconf 88' lang='lat' dir='ltr'>nume·</span> 
     </span>
     <span class='ocr_line' id='line_1_17' title="bbox 7 1796 338 1871; baseline 0.003 -16"><span class='ocrx_word' id='word_1_144' title='bbox 7 1796 17 1871; x_wconf 74' lang='lat' dir='ltr'>[J</span> <span class='ocrx_word' id='word_1_145' title='bbox 87 1796 137 1857; x_wconf 88' lang='lat' dir='ltr'>ris</span> <span class='ocrx_word' id='word_1_146' title='bbox 152 1796 338 1859; x_wconf 88' lang='lat' dir='ltr'>vincienda.</span> 
     </span>
     <span class='ocr_line' id='line_1_18' title="bbox 134 1878 1113 1962; baseline -0.001 -21.115"><span class='ocrx_word' id='word_1_147' title='bbox 134 1878 251 1960; x_wconf 88' lang='lat' dir='ltr'>Neque</span> <span class='ocrx_word' id='word_1_148' title='bbox 264 1901 322 1942; x_wconf 90' lang='lat' dir='ltr'>vos</span> <span class='ocrx_word' id='word_1_149' title='bbox 333 1900 428 1962; x_wconf 85' lang='lat' dir='ltr'>paeou</span> <span class='ocrx_word' id='word_1_150' title='bbox 443 1888 502 1942; x_wconf 92' lang='lat' dir='ltr'>aut</span> <span class='ocrx_word' id='word_1_151' title='bbox 515 1879 634 1943; x_wconf 90' lang='lat' dir='ltr'>herous</span> <span class='ocrx_word' id='word_1_152' title='bbox 649 1881 704 1942; x_wconf 91' lang='lat' dir='ltr'>ille</span> <span class='ocrx_word' id='word_1_153' title='bbox 720 1881 913 1943; x_wconf 88' lang='lat' dir='ltr'>conturbet:</span> <span class='ocrx_word' id='word_1_154' title='bbox 929 1882 991 1962; x_wconf 93' lang='lat' dir='ltr'>ipsi</span> <span class='ocrx_word' id='word_1_155' title='bbox 1002 1899 1113 1942; x_wconf 88' lang='lat' dir='ltr'>occur·</span> 
     </span>
     <span class='ocr_line' id='line_1_19' title="bbox 88 1964 1114 2046; baseline -0.001 -20.073"><span class='ocrx_word' id='word_1_156' title='bbox 88 1972 168 2026; x_wconf 89' lang='lat' dir='ltr'>rent</span> <span class='ocrx_word' id='word_1_157' title='bbox 182 1967 343 2037; x_wconf 74' lang='lat' dir='ltr'>orationi,</span> <span class='ocrx_word' id='word_1_158' title='bbox 359 1967 430 2046; x_wconf 92' lang='lat' dir='ltr'>ipsi,</span> <span class='ocrx_word' id='word_1_159' title='bbox 445 1967 589 2044; x_wconf 91' lang='lat' dir='ltr'>inquam,</span> <span class='ocrx_word' id='word_1_160' title='bbox 604 1985 638 2027; x_wconf 89' lang='lat' dir='ltr'>se</span> <span class='ocrx_word' id='word_1_161' title='bbox 654 1964 801 2038; x_wconf 87' lang='lat' dir='ltr'>offerent,</span> <span class='ocrx_word' id='word_1_162' title='bbox 816 1976 849 2028; x_wconf 90' lang='lat' dir='ltr'>et</span> <span class='ocrx_word' id='word_1_163' title='bbox 864 1964 1114 2046; x_wconf 88' lang='lat' dir='ltr'>respondebunt,</span> 
     </span>
     <span class='ocr_line' id='line_1_20' title="bbox 6 2049 1113 2128; baseline 0.001 -18"><span class='ocrx_word' id='word_1_164' title='bbox 6 2060 20 2117; x_wconf 58' lang='grc' dir='ltr'>,ἵ</span> <span class='ocrx_word' id='word_1_165' title='bbox 89 2069 159 2110; x_wconf 89' lang='lat' dir='ltr'>non</span> <span class='ocrx_word' id='word_1_166' title='bbox 174 2051 293 2112; x_wconf 88' lang='lat' dir='ltr'>vocati.</span> <span class='ocrx_word' id='word_1_167' title='bbox 337 2049 545 2111; x_wconf 84' lang='lat' dir='ltr'>Consuetudo</span> <span class='ocrx_word' id='word_1_168' title='bbox 567 2050 662 2111; x_wconf 79' lang='lat' dir='ltr'>modo</span> <span class='ocrx_word' id='word_1_169' title='bbox 684 2051 742 2112; x_wconf 91' lang='lat' dir='ltr'>illa</span> <span class='ocrx_word' id='word_1_170' title='bbox 764 2053 806 2113; x_wconf 90' lang='lat' dir='ltr'>sit</span> <span class='ocrx_word' id='word_1_171' title='bbox 828 2050 991 2127; x_wconf 88' lang='lat' dir='ltr'>scribendi</span> <span class='ocrx_word' id='word_1_172' title='bbox 1014 2058 1113 2128; x_wconf 90' lang='lat' dir='ltr'>atque</span> 
     </span>
     <span class='ocr_line' id='line_1_21' title="bbox 89 2132 1112 2214; baseline 0.003 -20"><span class='ocrx_word' id='word_1_173' title='bbox 89 2132 233 2206; x_wconf 89' lang='lat' dir='ltr'>dicendi,</span> <span class='ocrx_word' id='word_1_174' title='bbox 248 2142 285 2195; x_wconf 90' lang='lat' dir='ltr'>ut</span> <span class='ocrx_word' id='word_1_175' title='bbox 304 2136 474 2196; x_wconf 70' lang='lat' dir='ltr'>sententias</span> <span class='ocrx_word' id='word_1_176' title='bbox 489 2134 601 2196; x_wconf 88' lang='lat' dir='ltr'>verbis</span> <span class='ocrx_word' id='word_1_177' title='bbox 624 2135 789 2208; x_wconf 88' lang='lat' dir='ltr'>finiantur,</span> <span class='ocrx_word' id='word_1_178' title='bbox 805 2155 982 2214; x_wconf 90' lang='lat' dir='ltr'>eorumque</span> <span class='ocrx_word' id='word_1_179' title='bbox 997 2134 1112 2197; x_wconf 89' lang='lat' dir='ltr'>verbo·</span> 
     </span>
     <span class='ocr_line' id='line_1_22' title="bbox 89 2219 1114 2300; baseline -0.001 -20"><span class='ocrx_word' id='word_1_180' title='bbox 89 2237 168 2280; x_wconf 85' lang='lat' dir='ltr'>rum</span> <span class='ocrx_word' id='word_1_181' title='bbox 192 2220 320 2296; x_wconf 86' lang='lat' dir='ltr'>junctio</span> <span class='ocrx_word' id='word_1_182' title='bbox 348 2230 507 2281; x_wconf 87' lang='lat' dir='ltr'>nascatur</span> <span class='ocrx_word' id='word_1_183' title='bbox 533 2239 554 2280; x_wconf 91' lang='lat' dir='ltr'>a</span> <span class='ocrx_word' id='word_1_184' title='bbox 583 2222 726 2300; x_wconf 82' lang='lat' dir='ltr'>proceris</span> <span class='ocrx_word' id='word_1_185' title='bbox 751 2222 896 2282; x_wconf 91' lang='lat' dir='ltr'>numeris</span> <span class='ocrx_word' id='word_1_186' title='bbox 924 2239 965 2282; x_wconf 88' lang='lat' dir='ltr'>ac</span> <span class='ocrx_word' id='word_1_187' title='bbox 994 2219 1114 2290; x_wconf 89' lang='lat' dir='ltr'>liberis,</span> 
     </span>
     <span class='ocr_line' id='line_1_23' title="bbox 90 2302 1114 2385; baseline 0 -21"><span class='ocrx_word' id='word_1_188' title='bbox 90 2304 237 2364; x_wconf 78' lang='lat' dir='ltr'>maxime</span> <span class='ocrx_word' id='word_1_189' title='bbox 259 2303 358 2366; x_wconf 92' lang='lat' dir='ltr'>heroo</span> <span class='ocrx_word' id='word_1_190' title='bbox 380 2313 439 2365; x_wconf 91' lang='lat' dir='ltr'>aut</span> <span class='ocrx_word' id='word_1_191' title='bbox 461 2324 575 2384; x_wconf 74' lang='lat' dir='ltr'>paone</span> <span class='ocrx_word' id='word_1_192' title='bbox 602 2306 779 2385; x_wconf 90' lang='lat' dir='ltr'>posteriore</span> <span class='ocrx_word' id='word_1_193' title='bbox 805 2315 864 2367; x_wconf 87' lang='lat' dir='ltr'>aut</span> <span class='ocrx_word' id='word_1_194' title='bbox 891 2306 1033 2378; x_wconf 89' lang='lat' dir='ltr'>cretico;</span> <span class='ocrx_word' id='word_1_195' title='bbox 1056 2302 1114 2365; x_wconf 90' lang='lat' dir='ltr'>sed</span> 
     </span>
     <span class='ocr_line' id='line_1_24' title="bbox 91 2387 1113 2468; baseline 0 -21"><span class='ocrx_word' id='word_1_196' title='bbox 91 2388 187 2448; x_wconf 77' lang='lat' dir='ltr'>varie</span> <span class='ocrx_word' id='word_1_197' title='bbox 216 2387 430 2468; x_wconf 76' lang='lat' dir='ltr'>distincteque</span> <span class='ocrx_word' id='word_1_198' title='bbox 461 2388 619 2449; x_wconf 88' lang='lat' dir='ltr'>considat.</span> <span class='ocrx_word' id='word_1_199' title='bbox 679 2388 822 2451; x_wconf 84' lang='lat' dir='ltr'>Notatur</span> <span class='ocrx_word' id='word_1_200' title='bbox 851 2391 939 2450; x_wconf 92' lang='lat' dir='ltr'>enim</span> <span class='ocrx_word' id='word_1_201' title='bbox 968 2389 1113 2450; x_wconf 77' lang='lat' dir='ltr'>maxime</span> 
     </span>
     <span class='ocr_line' id='line_1_25' title="bbox 91 2471 1113 2555; baseline 0.003 -24"><span class='ocrx_word' id='word_1_202' title='bbox 91 2471 274 2534; x_wconf 86' lang='lat' dir='ltr'>similitudo</span> <span class='ocrx_word' id='word_1_203' title='bbox 300 2474 335 2534; x_wconf 87' lang='lat' dir='ltr'>in</span> <span class='ocrx_word' id='word_1_204' title='bbox 358 2472 637 2552; x_wconf 89' lang='lat' dir='ltr'>conquiescendo:</span> <span class='ocrx_word' id='word_1_205' title='bbox 660 2483 702 2545; x_wconf 88' lang='lat' dir='ltr'>et,</span> <span class='ocrx_word' id='word_1_206' title='bbox 725 2475 753 2534; x_wconf 89' lang='lat' dir='ltr'>si</span> <span class='ocrx_word' id='word_1_207' title='bbox 778 2475 875 2555; x_wconf 90' lang='lat' dir='ltr'>primi</span> <span class='ocrx_word' id='word_1_208' title='bbox 900 2482 933 2533; x_wconf 92' lang='lat' dir='ltr'>et</span> <span class='ocrx_word' id='word_1_209' title='bbox 958 2472 1113 2553; x_wconf 88' lang='lat' dir='ltr'>postremi</span> 
     </span>
     <span class='ocr_line' id='line_1_26' title="bbox 12 2555 1113 2638; baseline -0.002 -21"><span class='ocrx_word' id='word_1_210' title='bbox 12 2616 13 2623; x_wconf 69' lang='grc'>,</span> <span class='ocrx_word' id='word_1_211' title='bbox 91 2555 143 2617; x_wconf 87' lang='grc'>1111</span> <span class='ocrx_word' id='word_1_212' title='bbox 158 2556 257 2636; x_wconf 87' lang='lat' dir='ltr'>pedes</span> <span class='ocrx_word' id='word_1_213' title='bbox 272 2572 347 2617; x_wconf 86' lang='lat' dir='ltr'>sunt</span> <span class='ocrx_word' id='word_1_214' title='bbox 362 2557 426 2617; x_wconf 88' lang='lat' dir='ltr'>bac</span> <span class='ocrx_word' id='word_1_215' title='bbox 441 2559 569 2619; x_wconf 88' lang='lat' dir='ltr'>ratione</span> <span class='ocrx_word' id='word_1_216' title='bbox 586 2559 719 2630; x_wconf 88' lang='lat' dir='ltr'>servati,</span> <span class='ocrx_word' id='word_1_217' title='bbox 733 2558 833 2619; x_wconf 89' lang='lat' dir='ltr'>medii</span> <span class='ocrx_word' id='word_1_218' title='bbox 848 2565 983 2638; x_wconf 88' lang='lat' dir='ltr'>possunt</span> <span class='ocrx_word' id='word_1_219' title='bbox 998 2555 1113 2628; x_wconf 87' lang='lat' dir='ltr'>latere,</span> 
     </span>
     <span class='ocr_line' id='line_1_27' title="bbox 90 2639 1114 2723; baseline -0.002 -21"><span class='ocrx_word' id='word_1_220' title='bbox 90 2640 191 2702; x_wconf 79' lang='lat' dir='ltr'>modo</span> <span class='ocrx_word' id='word_1_221' title='bbox 213 2661 253 2701; x_wconf 88' lang='lat' dir='ltr'>ne</span> <span class='ocrx_word' id='word_1_222' title='bbox 274 2642 431 2703; x_wconf 87' lang='lat' dir='ltr'>circuitus</span> <span class='ocrx_word' id='word_1_223' title='bbox 452 2643 521 2723; x_wconf 90' lang='lat' dir='ltr'>ipse</span> <span class='ocrx_word' id='word_1_224' title='bbox 537 2641 710 2704; x_wconf 88' lang='lat' dir='ltr'>verborum</span> <span class='ocrx_word' id='word_1_225' title='bbox 733 2643 775 2703; x_wconf 89' lang='lat' dir='ltr'>sit</span> <span class='ocrx_word' id='word_1_226' title='bbox 797 2653 856 2704; x_wconf 90' lang='lat' dir='ltr'>aut</span> <span class='ocrx_word' id='word_1_227' title='bbox 871 2639 1002 2701; x_wconf 90' lang='lat' dir='ltr'>brevior</span> <span class='ocrx_word' id='word_1_228' title='bbox 1016 2640 1114 2717; x_wconf 76' lang='lat' dir='ltr'>quim</span> 
     </span>
     <span class='ocr_line' id='line_1_28' title="bbox 91 2725 1114 2807; baseline -0.003 -21"><span class='ocrx_word' id='word_1_229' title='bbox 91 2744 192 2787; x_wconf 88' lang='lat' dir='ltr'>aures</span> <span class='ocrx_word' id='word_1_230' title='bbox 214 2735 399 2807; x_wconf 87' lang='lat' dir='ltr'>expectent,</span> <span class='ocrx_word' id='word_1_231' title='bbox 421 2736 479 2787; x_wconf 90' lang='lat' dir='ltr'>aut</span> <span class='ocrx_word' id='word_1_232' title='bbox 501 2727 629 2804; x_wconf 86' lang='lat' dir='ltr'>longior</span> <span class='ocrx_word' id='word_1_233' title='bbox 651 2727 748 2806; x_wconf 75' lang='lat' dir='ltr'>quarn</span> <span class='ocrx_word' id='word_1_234' title='bbox 768 2728 855 2788; x_wconf 86' lang='lat' dir='ltr'>vires</span> <span class='ocrx_word' id='word_1_235' title='bbox 878 2733 978 2805; x_wconf 89' lang='lat' dir='ltr'>atque</span> <span class='ocrx_word' id='word_1_236' title='bbox 1001 2725 1114 2784; x_wconf 88' lang='lat' dir='ltr'>anima</span> 
     </span>
     <span class='ocr_line' id='line_1_29' title="bbox 68 2811 248 2897; baseline 0.006 -27"><span class='ocrx_word' id='word_1_237' title='bbox 68 2811 248 2897; x_wconf 76' lang='lat' dir='ltr'>patiatur.</span> 
     </span>
     <span class='ocr_line' id='line_1_30' title="bbox 6 2891 1112 2973; baseline 0 -18"><span class='ocrx_word' id='word_1_238' title='bbox 6 2904 8 2973; x_wconf 69' lang='lat' dir='ltr'><strong>f</strong></span> <span class='ocrx_word' id='word_1_239' title='bbox 138 2891 175 2955; x_wconf 92' lang='lat' dir='ltr'>L.</span> <span class='ocrx_word' id='word_1_240' title='bbox 199 2894 374 2956; x_wconf 88' lang='lat' dir='ltr'>Clausulas</span> <span class='ocrx_word' id='word_1_241' title='bbox 396 2903 507 2956; x_wconf 86' lang='lat' dir='ltr'>autern</span> <span class='ocrx_word' id='word_1_242' title='bbox 524 2893 712 2972; x_wconf 79' lang='lat' dir='ltr'>diligentius</span> <span class='ocrx_word' id='word_1_243' title='bbox 727 2895 829 2958; x_wconf 89' lang='lat' dir='ltr'>etiarn</span> <span class='ocrx_word' id='word_1_244' title='bbox 845 2891 1025 2956; x_wconf 84' lang='lat' dir='ltr'>servandas</span> <span class='ocrx_word' id='word_1_245' title='bbox 1040 2911 1112 2955; x_wconf 90' lang='lat' dir='ltr'>esse</span> 
     </span>
     <span class='ocr_line' id='line_1_31' title="bbox 92 2977 1113 3076; baseline -0.001 -37"><span class='ocrx_word' id='word_1_246' title='bbox 92 2977 242 3050; x_wconf 88' lang='lat' dir='ltr'>arbitror,</span> <span class='ocrx_word' id='word_1_247' title='bbox 257 2978 355 3058; x_wconf 77' lang='lat' dir='ltr'>quam</span> <span class='ocrx_word' id='word_1_248' title='bbox 370 2981 558 3060; x_wconf 88' lang='lat' dir='ltr'>superiora;</span> <span class='ocrx_word' id='word_1_249' title='bbox 580 2979 688 3058; x_wconf 80' lang='lat' dir='ltr'>quod</span> <span class='ocrx_word' id='word_1_250' title='bbox 681 3000 714 3041; x_wconf 89' lang='lat' dir='ltr'>m</span> <span class='ocrx_word' id='word_1_251' title='bbox 729 2980 779 3042; x_wconf 88' lang='lat' dir='ltr'>his</span> <span class='ocrx_word' id='word_1_252' title='bbox 798 2979 941 3043; x_wconf 85' lang='lat' dir='ltr'>maxime</span> <span class='ocrx_word' id='word_1_253' title='bbox 956 2977 1113 3076; x_wconf 88' lang='lat' dir='ltr'>perfectio</span> 
     </span>
     <span class='ocr_line' id='line_1_32' title="bbox 92 3063 1113 3153; baseline 0 -30"><span class='ocrx_word' id='word_1_254' title='bbox 92 3072 193 3142; x_wconf 89' lang='lat' dir='ltr'>atque</span> <span class='ocrx_word' id='word_1_255' title='bbox 217 3063 380 3124; x_wconf 89' lang='lat' dir='ltr'>absolutio</span> <span class='ocrx_word' id='word_1_256' title='bbox 398 3063 586 3141; x_wconf 76' lang='lat' dir='ltr'>judicaturi</span> <span class='ocrx_word' id='word_1_257' title='bbox 609 3084 686 3126; x_wconf 91' lang='lat' dir='ltr'>nam</span> <span class='ocrx_word' id='word_1_258' title='bbox 702 3067 814 3126; x_wconf 81' lang='lat' dir='ltr'>versris</span> <span class='ocrx_word' id='word_1_259' title='bbox 835 3084 863 3125; x_wconf 86' lang='lat' dir='ltr'>ae</span> <span class='ocrx_word' id='word_1_260' title='bbox 885 3082 926 3125; x_wconf 92' lang='lat' dir='ltr'>ue</span> <span class='ocrx_word' id='word_1_261' title='bbox 948 3064 1064 3153; x_wconf 91' lang='lat' dir='ltr'>prima,</span> <span class='ocrx_word' id='word_1_262' title='bbox 1079 3071 1113 3124; x_wconf 92' lang='lat' dir='ltr'>et</span> 
     </span>
     <span class='ocr_line' id='line_1_33' title="bbox 92 3085 1112 3228; baseline -0.002 -19"><span class='ocrx_word' id='word_1_263' title='bbox 92 3147 214 3220; x_wconf 85' lang='lat' dir='ltr'>media,</span> <span class='ocrx_word' id='word_1_264' title='bbox 236 3158 270 3209; x_wconf 91' lang='lat' dir='ltr'>et</span> <span class='ocrx_word' id='word_1_265' title='bbox 292 3157 440 3209; x_wconf 83' lang='lat' dir='ltr'>extrema</span> <span class='ocrx_word' id='word_1_266' title='bbox 463 3167 540 3227; x_wconf 88' lang='lat' dir='ltr'>pars</span> <span class='ocrx_word' id='word_1_267' title='bbox 562 3149 763 3221; x_wconf 85' lang='lat' dir='ltr'>attenditur3</span> <span class='ocrx_word' id='word_1_268' title='bbox 786 3150 841 3228; x_wconf 92' lang='lat' dir='ltr'>qui</span> <span class='ocrx_word' id='word_1_269' title='bbox 832 3085 1087 3219; x_wconf 75' lang='lat' dir='ltr'>debilitatur,</span> <span class='ocrx_word' id='word_1_270' title='bbox 1078 3167 1112 3207; x_wconf 90' lang='lat' dir='ltr'>m</span> 
     </span>
     <span class='ocr_line' id='line_1_34' title="bbox 93 3231 1111 3329; baseline -0.002 -36"><span class='ocrx_word' id='word_1_271' title='bbox 93 3251 286 3312; x_wconf 87' lang='lat' dir='ltr'>quacunque</span> <span class='ocrx_word' id='word_1_272' title='bbox 302 3233 344 3293; x_wconf 88' lang='lat' dir='ltr'>sit</span> <span class='ocrx_word' id='word_1_273' title='bbox 359 3242 452 3314; x_wconf 88' lang='lat' dir='ltr'>parte</span> <span class='ocrx_word' id='word_1_274' title='bbox 468 3231 588 3295; x_wconf 88' lang='lat' dir='ltr'>titubat</span> <span class='ocrx_word' id='word_1_275' title='bbox 576 3244 656 3295; x_wconf 90' lang='lat' dir='ltr'>tum.</span> <span class='ocrx_word' id='word_1_276' title='bbox 700 3233 735 3294; x_wconf 91' lang='grc' dir='ltr'>Ιιι</span> <span class='ocrx_word' id='word_1_277' title='bbox 751 3233 897 3293; x_wconf 83' lang='lat' dir='ltr'>oratione</span> <span class='ocrx_word' id='word_1_278' title='bbox 913 3240 1034 3303; x_wconf 87' lang='lat' dir='ltr'>autem,</span> <span class='ocrx_word' id='word_1_279' title='bbox 1046 3232 1111 3329; x_wconf 88' lang='lat' dir='ltr'>pri·</span> 
     </span>
     <span class='ocr_line' id='line_1_35' title="bbox 92 3316 1112 3414; baseline -0.001 -36"><span class='ocrx_word' id='word_1_280' title='bbox 92 3336 151 3378; x_wconf 90' lang='lat' dir='ltr'>ma</span> <span class='ocrx_word' id='word_1_281' title='bbox 176 3318 275 3397; x_wconf 90' lang='lat' dir='ltr'>pauci</span> <span class='ocrx_word' id='word_1_282' title='bbox 301 3325 449 3387; x_wconf 91' lang='lat' dir='ltr'>cernunt,</span> <span class='ocrx_word' id='word_1_283' title='bbox 474 3326 641 3397; x_wconf 90' lang='lat' dir='ltr'>postrema</span> <span class='ocrx_word' id='word_1_284' title='bbox 662 3316 829 3396; x_wconf 88' lang='lat' dir='ltr'>plerique.</span> <span class='ocrx_word' id='word_1_285' title='bbox 852 3336 934 3395; x_wconf 83' lang='lat' dir='ltr'>quae,</span> <span class='ocrx_word' id='word_1_286' title='bbox 957 3317 1112 3414; x_wconf 84' lang='lat' dir='ltr'>quoniam</span> 
     </span>
    </p>
   </div>
   <div class='ocr_carea' id='block_1_3' title="bbox 6 3400 1113 3482">
    <p class='ocr_par' dir='ltr' id='par_1_3' title="bbox 6 3400 1113 3482">
     <span class='ocr_line' id='line_1_36' title="bbox 6 3400 1113 3482; baseline -0.001 -20"><span class='ocrx_word' id='word_1_287' title='bbox 6 3446 8 3453; x_wconf 38' lang='grc' dir='ltr'>ι</span> <span class='ocrx_word' id='word_1_288' title='bbox 93 3409 258 3482; x_wconf 88' lang='lat' dir='ltr'>apparent</span> <span class='ocrx_word' id='word_1_289' title='bbox 284 3408 317 3461; x_wconf 90' lang='lat' dir='ltr'>et</span> <span class='ocrx_word' id='word_1_290' title='bbox 340 3402 578 3479; x_wconf 84' lang='lat' dir='ltr'>intelliguntur,</span> <span class='ocrx_word' id='word_1_291' title='bbox 603 3400 763 3462; x_wconf 90' lang='lat' dir='ltr'>varianda</span> <span class='ocrx_word' id='word_1_292' title='bbox 788 3410 873 3472; x_wconf 90' lang='lat' dir='ltr'>sunt,</span> <span class='ocrx_word' id='word_1_293' title='bbox 894 3419 936 3460; x_wconf 92' lang='lat' dir='ltr'>ne</span> <span class='ocrx_word' id='word_1_294' title='bbox 958 3409 1017 3461; x_wconf 91' lang='lat' dir='ltr'>aut</span> <span class='ocrx_word' id='word_1_295' title='bbox 1043 3402 1113 3461; x_wconf 90' lang='lat' dir='ltr'>ani·</span> 
     </span>
    </p>
   </div>
   <div class='ocr_carea' id='block_1_4' title="bbox 6 3481 1111 3907">
    <p class='ocr_par' dir='ltr' id='par_1_4' title="bbox 6 3481 1111 3905">
     <span class='ocr_line' id='line_1_37' title="bbox 92 3481 1111 3567; baseline -0.001 -20"><span class='ocrx_word' id='word_1_296' title='bbox 92 3506 222 3548; x_wconf 89' lang='lat' dir='ltr'>morum</span> <span class='ocrx_word' id='word_1_297' title='bbox 232 3486 367 3564; x_wconf 84' lang='lat' dir='ltr'>judiciis</span> <span class='ocrx_word' id='word_1_298' title='bbox 381 3485 602 3567; x_wconf 90' lang='lat' dir='ltr'>repudientur,</span> <span class='ocrx_word' id='word_1_299' title='bbox 617 3492 676 3545; x_wconf 90' lang='lat' dir='ltr'>aut</span> <span class='ocrx_word' id='word_1_300' title='bbox 691 3485 821 3546; x_wconf 88' lang='lat' dir='ltr'>aurium</span> <span class='ocrx_word' id='word_1_301' title='bbox 836 3486 1002 3546; x_wconf 84' lang='lat' dir='ltr'>satietate.</span> <span class='ocrx_word' id='word_1_302' title='bbox 1036 3481 1111 3546; x_wconf 91' lang='lat' dir='ltr'>Duo</span> 
     </span>
     <span class='ocr_line' id='line_1_38' title="bbox 93 3567 1111 3648; baseline -0.003 -16"><span class='ocrx_word' id='word_1_303' title='bbox 93 3571 184 3632; x_wconf 91' lang='lat' dir='ltr'>enim</span> <span class='ocrx_word' id='word_1_304' title='bbox 199 3579 258 3632; x_wconf 90' lang='lat' dir='ltr'>aut</span> <span class='ocrx_word' id='word_1_305' title='bbox 277 3578 344 3631; x_wconf 86' lang='lat' dir='ltr'>tres</span> <span class='ocrx_word' id='word_1_306' title='bbox 359 3578 435 3632; x_wconf 90' lang='lat' dir='ltr'>sunt</span> <span class='ocrx_word' id='word_1_307' title='bbox 453 3570 520 3631; x_wconf 74' lang='lat' dir='ltr'>fere</span> <span class='ocrx_word' id='word_1_308' title='bbox 536 3570 674 3631; x_wconf 85' lang='lat' dir='ltr'>extremi</span> <span class='ocrx_word' id='word_1_309' title='bbox 689 3569 889 3631; x_wconf 88' lang='lat' dir='ltr'>servandiet</span> <span class='ocrx_word' id='word_1_310' title='bbox 906 3567 1040 3630; x_wconf 90' lang='lat' dir='ltr'>notandi</span> <span class='ocrx_word' id='word_1_311' title='bbox 1055 3586 1111 3648; x_wconf 91' lang='lat' dir='ltr'>pe·</span> 
     </span>
     <span class='ocr_line' id='line_1_39' title="bbox 6 3652 1111 3735; baseline -0.002 -22"><span class='ocrx_word' id='word_1_312' title='bbox 6 3702 8 3713; x_wconf 70' lang='grc'>.</span> <span class='ocrx_word' id='word_1_313' title='bbox 93 3654 203 3725; x_wconf 88' lang='lat' dir='ltr'>des,s1</span> <span class='ocrx_word' id='word_1_314' title='bbox 226 3655 321 3717; x_wconf 78' lang='lat' dir='ltr'>modo</span> <span class='ocrx_word' id='word_1_315' title='bbox 339 3675 405 3717; x_wconf 89' lang='lat' dir='ltr'>nou</span> <span class='ocrx_word' id='word_1_316' title='bbox 420 3655 581 3726; x_wconf 89' lang='lat' dir='ltr'>breviora,</span> <span class='ocrx_word' id='word_1_317' title='bbox 596 3662 629 3715; x_wconf 90' lang='lat' dir='ltr'>et</span> <span class='ocrx_word' id='word_1_318' title='bbox 651 3673 789 3735; x_wconf 82' lang='lat' dir='ltr'>praecrsa</span> <span class='ocrx_word' id='word_1_319' title='bbox 804 3663 899 3715; x_wconf 91' lang='lat' dir='ltr'>erunt</span> <span class='ocrx_word' id='word_1_320' title='bbox 921 3652 1111 3731; x_wconf 88' lang='lat' dir='ltr'>superiora;</span> 
     </span>
     <span class='ocr_line' id='line_1_40' title="bbox 94 3732 1110 3838; baseline -0.005 -37"><span class='ocrx_word' id='word_1_321' title='bbox 94 3758 176 3820; x_wconf 89' lang='lat' dir='ltr'>quos</span> <span class='ocrx_word' id='word_1_322' title='bbox 199 3747 257 3801; x_wconf 88' lang='lat' dir='ltr'>aut</span> <span class='ocrx_word' id='word_1_323' title='bbox 280 3740 424 3838; x_wconf 80' lang='lat' dir='ltr'>clroreos,</span> <span class='ocrx_word' id='word_1_324' title='bbox 448 3748 506 3801; x_wconf 88' lang='lat' dir='ltr'>aut</span> <span class='ocrx_word' id='word_1_325' title='bbox 528 3732 653 3810; x_wconf 75' lang='lat' dir='ltr'>heroos</span> <span class='ocrx_word' id='word_1_326' title='bbox 677 3747 735 3800; x_wconf 89' lang='lat' dir='ltr'>aut</span> <span class='ocrx_word' id='word_1_327' title='bbox 722 3739 902 3800; x_wconf 88' lang='lat' dir='ltr'>talternos</span> <span class='ocrx_word' id='word_1_328' title='bbox 926 3754 997 3797; x_wconf 89' lang='lat' dir='ltr'>esse</span> <span class='ocrx_word' id='word_1_329' title='bbox 1019 3754 1110 3816; x_wconf 90' lang='lat' dir='ltr'>opor-</span> 
     </span>
     <span class='ocr_line' id='line_1_41' title="bbox 93 3817 1111 3907; baseline -0.009 -20"><span class='ocrx_word' id='word_1_330' title='bbox 93 3824 187 3897; x_wconf 90' lang='lat' dir='ltr'>tebit,</span> <span class='ocrx_word' id='word_1_331' title='bbox 212 3832 271 3886; x_wconf 91' lang='lat' dir='ltr'>aut</span> <span class='ocrx_word' id='word_1_332' title='bbox 300 3826 334 3886; x_wconf 91' lang='lat' dir='ltr'>in</span> <span class='ocrx_word' id='word_1_333' title='bbox 362 3842 476 3905; x_wconf 83' lang='lat' dir='ltr'>paeone</span> <span class='ocrx_word' id='word_1_334' title='bbox 505 3824 561 3886; x_wconf 86' lang='lat' dir='ltr'>illo</span> <span class='ocrx_word' id='word_1_335' title='bbox 590 3823 778 3907; x_wconf 85' lang='lat' dir='ltr'>posteriore,</span> <span class='ocrx_word' id='word_1_336' title='bbox 800 3839 898 3901; x_wconf 88' lang='lat' dir='ltr'>quem</span> <span class='ocrx_word' id='word_1_337' title='bbox 920 3817 1111 3880; x_wconf 88' lang='lat' dir='ltr'>Aristoteles</span> 
     </span>
    </p>
   </div>
   <div class='ocr_carea' id='block_1_5' title="bbox 0 0 1238 4276">
    <p class='ocr_par' dir='ltr' id='par_1_5' title="bbox 0 0 1238 4276">
     <span class='ocr_line' id='line_1_42' title="bbox 0 0 1238 4276; baseline 0 0"><span class='ocrx_word' id='word_1_338' title='bbox 0 0 1238 4276; x_wconf 95' lang='lat' dir='ltr'> </span> 
     </span>
    </p>
   </div>
  </div>
 </body>
</html>
