2444 4276
111 340 172 400 ΠΒ
381 356 421 398 ue
441 355 583 398 cainone
602 355 691 396 unua
712 353 849 397 ramme.

111 507 143 567 in
156 505 219 567 hoe
233 503 366 584 quidem
389 523 520 582 genere,
535 502 637 587 nostri
651 501 732 563 nulli
754 500 905 565 fuerunt:
927 505 978 566 sin
992 505 1132 585 quando
1149 488 1155 491 ”

113 591 301 660 exstiterint,
316 591 419 650 etiam
432 587 557 651 Graecis
572 594 668 647 erunt
683 588 910 667 anteponendi.

151 672 254 735 XXV.
277 671 423 734 Ornatur
438 674 449 733 i
475 674 538 732 'tur
552 672 658 731 oratio
673 690 793 748 genere
808 674 959 751 primum,
974 682 1009 734 et
1029 676 1133 753 quasi

114 758 217 819 colore
231 755 373 837 quodam
388 766 421 817 et
443 742 632 823 sdeffsuoz
655 774 741 827 nem,
756 764 793 816 ut
815 758 937 833 gravia
951 766 988 818 ut
1003 761 1138 832 suavia·

113 851 147 903 ut
170 839 301 903 erudita
317 842 368 912 sit,
383 848 420 901 ut
442 841 597 910 liberalia
610 847 648 899 ut
672 839 883 913 admirabilis,
898 849 936 902 ut
959 842 1075 922 polita,
1091 852 1133 905 ut

113 926 233 997 senefia
247 933 284 986 ut
299 924 425 986 delores
439 924 571 995 habeat,
583 931 742 1003 quantum
757 940 838 1004 opus
853 926 980 997 sitnon
996 935 1046 987 est
1062 929 1133 988 sin:

113 1011 262 1088 gulorum
278 1009 510 1073 articulorum:
532 1011 566 1069 in
581 1016 649 1068 toto
673 1016 864 1087 spectantur
887 1008 957 1070 haec
980 1030 1132 1091 corpore.
1203 1046 1204 1055 κ

114 1093 155 1156 Ut
170 1114 264 1174 porro
280 1098 454 1174 conspersa
469 1095 510 1154 sit
525 1093 619 1172 quasi
633 1090 810 1153 verborum
824 1095 1132 1177 sententiarumque
1203 1116 1204 1155 t

113 1179 263 1249 floribus3
286 1177 319 1237 id
334 1197 398 1239 non
413 1176 511 1238 debet
533 1194 604 1237 esse
619 1174 729 1236 fusum
747 1175 953 1255 aequ'abiliter
976 1199 1036 1260 per
1060 1198 1132 1241 om·

111 1281 186 1322 nem
202 1262 391 1332 (irationem,
405 1260 462 1322 sed
485 1262 534 1321 ita
554 1261 753 1330 distinctum,
767 1268 805 1320 ut
824 1262 898 1333 sint,
912 1264 1006 1342 quasi
1027 1264 1063 1324 in
1079 1284 1133 1326 or·

111 1352 201 1416 natu,
216 1345 373 1426 disposita
388 1343 538 1424 quaedam
552 1344 695 1420 insignia
709 1351 742 1405 et
757 1344 892 1405 lumina.

100 1434 151 1481 ts
153 1428 265 1490 Genus
279 1430 379 1506 igitur
398 1428 532 1490 dicendi
540 1437 591 1490 est
612 1426 808 1505 eligendum,
823 1428 908 1507 quod
922 1431 1067 1491 maxime
1082 1440 1133 1494 te-

111 1522 190 1574 neat
213 1515 337 1592 eosqui
361 1512 507 1584 audiant,
523 1521 556 1574 et
579 1511 664 1591 quod
686 1511 751 1572 riou
775 1512 879 1573 solum
897 1490 1047 1587 delectet,
1071 1515 1133 1578 sed

112 1599 212 1659 etiam
235 1599 304 1658 sine
327 1590 481 1658 satietate
496 1593 654 1662 delectet:
680 1595 863 1677 (nonenim
879 1616 900 1658 a
914 1593 966 1658 me
984 1600 1058 1676 jam
1075 1619 1133 1660 ex·
1203 1662 1204 1671 ,

112 1678 267 1762 spectari*
274 1689 363 1761 pute,
379 1689 415 1741 ut
436 1699 597 1751 moneam,
613 1689 649 1740 ut
671 1681 827 1751 caveatis
842 1700 884 1742 ne
900 1678 1002 1753 exuis,
1016 1702 1058 1743 ne
1083 1685 1133 1745 in-

113 1766 203 1826 culta
218 1766 260 1827 sit
283 1773 394 1826 vestra
411 1756 530 1835 eratin,
545 1758 587 1826 ne
608 1763 764 1839 vulgaris,
779 1784 820 1824 ne
845 1761 1017 1835 obsoletat·
1037 1760 1133 1828 aliud
1203 1816 1204 1819 η

112 1849 266 1928 quiddam
275 1851 382 1927 majus
391 1858 425 1911 et
433 1845 805 1926 ingeniamehortantur
813 1846 972 1919 vestraet
980 1850 1130 1931 aetatesz)
1203 1872 1204 1923 ζ

112 1933 242 1995 difficile
259 1935 347 2017 enim
368 1926 470 1994 dictu*
482 1940 540 2004 est,
556 1950 706 2010 quaenam
728 1952 830 1993 causa
840 1934 899 2004 sit,
911 1936 969 1994 cr’rr
986 1954 1037 2013 ea,
1053 1955 1132 2015 quae

111 2019 254 2078 maxime
280 2015 394 2079 sensus
417 2026 543 2078 uestros
565 2014 737 2097 impellunt
760 2017 940 2097 voluptate,
964 2026 996 2079 et
1016 2022 1131 2101 speeie

112 2097 221 2181 primii
227 2101 384 2163 acerrime
397 2109 611 2175 commovent,
623 2100 666 2160 ab
677 2101 717 2160 iis
728 2101 896 2171 celerrime
907 2099 1039 2164 fastidio
1050 2122 1131 2183 quo-

112 2184 188 2246 dam
213 2193 245 2245 et
270 2172 424 2246 satietate
449 2176 684 2252 abalienamus.
728 2183 862 2259 Quanto
886 2186 1031 2248 colo‘rum
1056 2189 1131 2268 pul·
1203 2182 1204 2205 ³

112 2267 294 2329 chritfidine
310 2278 343 2329 et
366 2269 529 2330 varietate
545 2264 709 2329 fleridiora
728 2275 803 2328 sunt
826 2269 860 2329 in
883 2270 1018 2349 picturis
1033 2273 1131 2334 novis

111 2354 278 2433 pleraque,
288 2352 384 2431 q'uam
399 2354 433 2413 in
448 2350 614 2415 veteribus
628 2351 647 2411 l'
657 2370 728 2431 quae
742 2360 864 2423 tamen,
876 2354 1006 2415 etiamsi
1021 2356 1131 2434 primo

112 2431 341 2518 adspectunos
350 2443 516 2518 ceperunt,
526 2437 646 2497 diutius
658 2456 723 2497 nen
733 2433 898 2503 delectant
910 2459 918 2508 ;
940 2439 1131 2502 eumiidem

111 2540 179 2591 nos,
195 2523 228 2582 in
243 2511 391 2600 ''antr'quin¹
406 2520 538 2593 tabulis,
553 2521 609 2582 illo
627 2522 697 2600 ipso
713 2517 842 2595 horrido
857 2521 1065 2602 obsolEtoque
1080 2534 1130 2585 te·
1203 2588 1204 2591 ,

111 2612 258 2667 uea‘mur.
303 2605 438 2682 Quanto
449 2600 612 2667 molliores
627 2612 745 2664 suntet
759 2599 1011 2666 delicatibres‘in
1026 2613 1136 2669 cantu
1203 2646 1204 2669 t

111 2690 267 2751 flexidnes
278 2700 312 2751 et
326 2689 419 2751 falsoe
431 2688 565 2759 vecula,
577 2689 673 2768 quam
689 2697 786 2749 certae
798 2698 831 2748 et
847 2688 988 2749 seuerae!
1010 2690 1131 2770 quibus
1203 2682 1204 2723 l

112 2772 305 2834 tamennon
321 2774 416 2835 modd
431 2766 564 2853 austeri,
579 2771 644 2843 sed,
660 2773 687 2832 si
709 2772 826 2850 saepids
845 2771 937 2844 fiunt,
952 2773 1131 2838 multitudo

111 2858 185 2937 ipsa
199 2850 367 2917 reclamat.
413 2857 505 2918 Licet
528 2854 588 2917 hoc
611 2854 721 2916 uidere
747 2856 781 2915 in
804 2856 937 2933 reliquis
960 2854 1130 2931 sensibu's3

111 2941 288 3016 unguentis
299 2941 417 3005 ‘minus
432 2940 488 3017 diu
511 2960 570 3010 nos
586 2938 742 3014 delectari
766 2941 893 3000 summi
911 2949 944 3001 et
962 2936 1132 3004 acerrima

112 3024 278 3085 suavitate
290 3015 437 3110 conu‘rtip,
448 3023 545 3102 quam
561 3025 611 3084 his
625 3022 820 3096 nroderatis3
843 3033 876 3085 et
891 3023 997 3101 magis
1013 3024 1130 3086 lauda·

112 3109 149 3179 ri,
164 3108 249 3187 quod
273 3102 392 3180 ceram,
407 3109 504 3188 quam
525 3107 610 3188 quod
634 3126 774 3179 crocum,
789 3106 878 3169 olere
900 3107 1072 3181 videatur3
1095 3111 1130 3171 in

112 3193 181 3272 ipso
210 3191 305 3254 tactu
333 3211 404 3253 esse
434 3192 566 3254 modurn
595 3200 628 3252 et
656 3190 869 3252 mollitudinis
898 3199 930 3252 et
963 3189 1128 3254 lectitatis.

112 3276 305 3351 Quinetiam
326 3267 486 3354 gustatus,
501 3278 556 3355 qui
571 3284 621 3336 est
636 3292 750 3335 sensus
765 3295 806 3336 ex
821 3274 970 3336 omnibus
985 3271 1129 3337 maxime

111 3356 325 3440 voluptarius
348 3362 467 3440 quique
489 3351 688 3421 dulcitudine
711 3368 829 3439 praeter
853 3368 988 3421 caeteros
1012 3359 1129 3422 sensus

112 3454 345 3516 commovetur,
357 3446 452 3523 quam
468 3443 533 3506 citd
548 3445 590 3515 id,
602 3441 687 3521 quod
701 3442 798 3503 valde
813 3443 909 3504 dulce
922 3454 980 3515 est,
996 3444 1127 3525 adsper-

111 3538 210 3588 natur
225 3536 266 3589 'ac
281 3527 422 3608 respuit!
459 3528 544 3603 Quis
567 3528 698 3608 puticna
711 3522 768 3603 'uti
786 3536 844 3588 aut
868 3527 940 3588 cibo
955 3527 1043 3589 dulci
1058 3529 1128 3589 diu-

111 3612 175 3671 tids
191 3608 319 3691 potestl
344 3613 418 3671 edm
432 3621 570 3691 utroque
586 3613 619 3671 in
634 3630 754 3688 genere
770 3631 908 3690 easquae
924 3611 1042 3700 leviteq
1057 3632 1128 3674 sen·

112 3712 185 3753 sum
201 3690 369 3772 voluptate
393 3704 558 3765 moveant,
573 3694 728 3754 facillime
753 3693 914 3772 effugiant
929 3697 1128 3758 satietatem.

113 3775 177 3846 Sic,
192 3775 342 3837 omnibus
364 3778 399 3836 in
417 3776 523 3847 rebec,
538 3777 764 3855 voluptatibus
785 3780 937 3840 maximis
959 3778 1130 3855 festidium

1067 3868 1076 3891 d

979 3892 993 3961 ll
1012 3917 1040 3959 Ἠ
1051 3898 1146 3955 muri
1203 3926 1204 3963 l
