2444 4276
123 370 196 428 194<
392 385 432 426 ne
451 385 594 426 onerosa
614 386 704 427 urana
725 386 861 429 marrus.

120 532 184 595 dici
201 530 349 594 Africani
365 540 533 593 castratam
548 551 619 593 esse
641 531 898 614 rempublicam:
924 532 999 593 nolo
1021 541 1144 595 stercus
1216 540 1217 597 l

121 617 220 678 cmiae
234 615 298 676 diei
321 615 515 676 Glauciam:
542 618 694 695 quamvis
709 618 750 677 sit
774 618 890 689 simile,
905 625 1017 678 tamen
1032 628 1082 680 est
1106 619 1143 678 in
1216 674 1217 699 ¹

120 716 257 778 utroque
278 699 430 760 deformis
445 701 603 777 cogitatio
618 701 847 762 similitudinis.
891 700 976 762 Nolo
993 721 1065 762 esse
1081 710 1143 762 aut
1216 708 1217 715 ’

121 786 228 862 majus
244 784 341 863 quam
363 803 415 844 res
438 785 589 864 postulet,
616 783 791 867 Tempestas
805 784 1054 854 comissationis,·
1081 795 1144 847 aut

121 871 238 938 minus
257 865 441 928 Comissatio
452 868 644 950 tempestatis.
689 868 774 930 Nolo
786 888 857 929 esse
870 868 1008 930 verbum
1020 889 1143 946 angus-

121 955 188 1013 tius
202 950 234 1012 id
250 951 333 1030 quod
356 952 553 1013 translatum
568 953 619 1023 sit,
635 953 732 1031 quani
747 951 861 1014 fuisset
876 953 957 1014 illud
972 956 1143 1034 proprium

123 1057 163 1097 ac
179 1054 294 1096 suum:
317 1033 467 1115 quidnam
488 1046 540 1107 est,
555 1036 702 1097 obsecro?
731 1037 809 1116 quid
830 1046 858 1096 te
872 1036 959 1097 adiri
980 1037 1141 1098 abactae?
1216 1080 1217 1087 κ

123 1120 238 1182 melius
254 1127 349 1189 esset,
365 1128 457 1190 vetas,
467 1119 621 1199 prohibes,
636 1120 810 1180 absterres:
832 1122 986 1200 quoniam
1002 1121 1057 1181 ille
1073 1119 1143 1182 dix·
1216 1126 1217 1181 ἒ

122 1213 203 1274 erat,
227 1201 316 1263 Illico
339 1200 418 1273 istie,
441 1223 478 1263 ne
499 1202 642 1284 contagio
666 1224 734 1264 meu
760 1203 853 1276 bonis,
877 1204 1031 1274 erubruve,
1054 1196 1169 1297 ⁰²²&

122 1288 230 1366 Atque
247 1288 358 1356 etiam,
373 1288 401 1347 si
416 1306 562 1356 vereare,
576 1308 617 1348 ne
642 1288 741 1367 paulo
756 1286 865 1348 durior
879 1289 1053 1350 translatio
1069 1309 1144 1350 esse

122 1371 283 1442 videatur,
305 1370 481 1431 mollienda
507 1381 567 1442 est,
592 1374 766 1451 praeposito
792 1372 878 1452 saepe
901 1371 1020 1433 verbo:
1051 1381 1089 1433 ut
1116 1374 1145 1433 si

122 1456 210 1525 olim,
226 1455 272 1516 M.
287 1453 412 1516 Catone
428 1463 566 1526 mortuo,
576 1454 733 1536 pupillum
743 1460 894 1517 senatum
906 1457 978 1535 quis
989 1457 1145 1519 relictum

123 1541 255 1610 diceret,
276 1537 377 1618 paulo
399 1537 528 1610 duribs3
559 1541 617 1609 sin,
640 1550 674 1599 ut
696 1538 741 1600 ito
763 1539 874 1611 dicum,
890 1538 1059 1622 pupillum,
1082 1542 1144 1602 ali·
1216 1532 1217 1581 3

123 1623 246 1702 quanto
262 1624 380 1684 mitius.
419 1620 552 1683 Etenim
565 1623 753 1684 verecunda
764 1623 862 1686 debet
877 1643 946 1685 esse
958 1624 1144 1699 translatio,
1216 1658 1217 1663 1

123 1718 160 1768 ut
175 1706 317 1768 deducta
340 1725 411 1767 esse
434 1706 468 1766 in
490 1708 636 1768 alienum
658 1708 776 1778 locum,
798 1728 861 1767 non
885 1709 1026 1779 irruisse,
1041 1718 1145 1788 atquo

123 1800 160 1851 ut
185 1790 342 1871 precario,
365 1811 430 1862 non
454 1793 496 1861 vi,
524 1792 650 1852 venisse
677 1790 1002 1854 videatur.oM0dus
1028 1801 1145 1854 autem

123 1876 234 1936 nullus
250 1885 298 1936 est
314 1875 478 1936 florentior
500 1877 534 1936 in
556 1876 693 1953 singulis
709 1875 826 1946 verbis
841 1896 903 1936 nec
918 1878 973 1953 qui
996 1876 1071 1955 plus
1093 1877 1145 1938 lu·

123 1961 220 2020 minis
236 1958 355 2020 afferat
371 1961 521 2020 orationi.
567 1959 597 2020 N
601 1979 656 2019 am
678 1959 767 2030 illud,
783 1959 865 2038 quod
883 1980 923 2020 ex
938 1960 999 2020 hoc
1019 1979 1145 2037 genere

124 2044 262 2124 profluit,
278 2063 342 2104 non
357 2054 407 2104 est
422 2043 456 2103 in
471 2063 537 2104 uno
548 2042 649 2104 verbo
664 2044 843 2114 translato;
866 2043 923 2104 sed
937 2063 979 2107 ex
993 2043 1147 2124 pluribus

124 2128 323 2188 continuatis
346 2129 559 2199 connectitur,
575 2136 611 2188 ut
634 2127 725 2190 aliud
747 2127 885 2200 dicatur,
908 2127 999 2189 aliud
1023 2128 1146 2190 iutelli-

124 2210 268 2289 gendum
283 2213 343 2271 sit:

245 2347 451 2416 ——Neque
462 2366 502 2401 me
510 2350 601 2418 patiar
612 2351 708 2402 iterum
900 2363 909 2373 “

194 2430 239 2483 Ae
249 2448 330 2483 unum
343 2433 477 2501 scopulum
490 2441 514 2486 et
528 2435 606 2487 telum
618 2435 728 2486 classem
739 2433 867 2487 Achivum
879 2433 1018 2502 offendere.

124 2559 232 2639 Atque
248 2559 338 2630 illud,

194 2699 291 2761 Erras,
305 2717 396 2751 emus:
416 2717 476 2751 nam
488 2701 661 2753 exsultantem
673 2708 706 2765 te,
719 2709 744 2753 et
752 2702 927 2771 praefidentem
939 2702 994 2764 titi,

194 2782 345 2851 Reprimem
357 2785 448 2836 valide
460 2785 546 2854 legum
558 2784 669 2849 habene,
679 2793 755 2854 atque
767 2786 869 2853 imperii
881 2786 1004 2838 insistent
1008 2785 1089 2857 jugo.

125 2919 238 2981 Sumtb
254 2941 288 2982 re
305 2924 412 2994 simili,
427 2925 531 2985 verba
546 2927 618 3003 ejus
632 2926 680 2986 rei
702 2927 835 3008 propria
849 2926 1003 3008 deinceps
1024 2929 1147 2992 iurem
1216 2934 1217 2939 ’

125 3004 226 3064 aliam
242 3005 292 3081 (ut
307 3005 388 3080 dixi)
404 3010 652 3070 transferuntur.

167 3085 264 3149 XLll.
287 3088 348 3151 Est
362 3088 424 3152 hoc
436 3112 594 3170 magnum
607 3102 835 3155 ornamentum
851 3093 1016 3167 orationis,
1029 3096 1064 3157 in
1079 3116 1146 3176 quo

124 3171 308 3235 obscuritas
330 3173 488 3252 fugienda
512 3188 571 3237 est.
615 3176 749 3239 Etenim
772 3198 813 3239 ex
836 3177 897 3240 hoc
913 3199 1034 3256 genere
1058 3179 1147 3244 fiunt
1216 3214 1217 3225 κ

125 3276 175 3328 ea,
191 3277 263 3337 quae
279 3258 432 3321 dicuntur
454 3262 642 3339 aenigmata.
686 3262 762 3323 Nou
784 3271 834 3323 est
857 3272 970 3324 autem
992 3264 1027 3324 in
1041 3265 1147 3328 verbo

124 3340 239 3402 modus
254 3342 316 3412 hic,
332 3344 388 3405 sed
411 3347 442 3405 in
459 3347 615 3415 oratione,
631 3346 663 3407 id
685 3356 743 3418 est,
759 3348 793 3408 in
808 3347 1054 3410 continuatione
1071 3368 1146 3411 ver·

124 3422 248 3485 borum.
293 3425 345 3486 Ne
369 3428 427 3489 illa
442 3428 572 3507 quidem
596 3430 757 3492 traductio
780 3440 880 3510 atque
906 3432 1095 3494 immutatio
1110 3434 1147 3495 in

125 3507 225 3569 verbo
241 3509 407 3588 quandam
422 3511 674 3580 fabricationem
688 3514 798 3587 habet,
814 3515 871 3576 sed
886 3517 921 3576 in
936 3517 1108 3578 oratione:

262 3659 358 3730 Africa
370 3663 479 3716 terribili
491 3667 578 3718 tremit
590 3667 697 3720 horrida
709 3677 780 3722 terra
793 3671 912 3723 tumultu.

123 3796 187 3861 Pro
207 3797 310 3884 Afris,
332 3810 381 3863 est
403 3813 535 3883 sumpta
556 3804 697 3889 Africa:
727 3830 833 3891 neque
855 3812 981 3876 factum
1003 3814 1144 3881 verbum
