2452 4290
314 432 319 441 ¹
339 384 380 425 mr
401 383 544 426 omrem
563 384 652 426 uranu
672 385 792 429 ramus.
1034 371 1070 431 41

52 539 172 605 rentur,
188 530 231 593 de
246 529 445 603 historiatis
460 531 668 611 antiquitate,
678 531 719 594 de
731 531 1012 596 administratione
1027 536 1074 597 rei

53 616 206 698 publicae,
217 615 359 695 denique
375 614 416 676 de
432 625 542 676 nostro
553 618 624 696 ipso
634 618 709 695 Jure
721 615 833 679 civilil
878 616 976 679 Hane
987 620 1076 681 enim

54 722 114 779 ego
128 719 267 761 omnem
281 700 454 761 scientiam
469 709 502 761 et
517 700 647 779 copiam
660 720 770 762 rerum
785 703 819 762 in
833 702 891 762 tui
904 702 1076 782 prudentiis

54 784 203 847 sciebam
226 785 352 845 inesse:
375 784 409 844 in
431 786 568 845 oratoris
582 783 662 844 vero
682 786 899 847 instrumento
920 795 990 848 tarn
1005 787 1076 848 lau·

54 877 122 930 tarn
136 867 382 948 supellectilem
396 886 565 946 nunquam
580 867 737 930 videram.

96 947 197 1016 Pot'es
212 952 324 1029 igitur,
338 952 443 1029 inquit
457 949 604 1021 Crassus,
618 950 667 1030 (ut
681 953 750 1014 alia
763 954 915 1015 omittam
929 954 1076 1015 innume·

54 1036 175 1099 rabilia
191 1045 226 1097 et
242 1037 414 1106 immensa,
426 1043 459 1094 et
471 1033 513 1095 ad
524 1036 632 1115 ipsum
644 1043 737 1098 tuum
747 1038 804 1116 jus
819 1037 916 1098 civile
927 1038 1074 1116 veniam)

55 1130 206 1182 oratores
220 1127 339 1199 putare
354 1137 515 1197 eosquos
532 1118 654 1180 multas
675 1119 773 1182 horas
788 1122 986 1201 expectavit,
1001 1123 1077 1183 cum

55 1206 90 1267 in
103 1202 273 1283 Campum
287 1212 488 1283 properaret,
499 1211 534 1264 et
547 1201 656 1263 ridens
671 1213 704 1265 et
719 1203 930 1266 stomachans
945 1204 1075 1267 Saevo-

56 1288 98 1360 la,
113 1289 193 1350 eum
214 1285 379 1368 Hypsaeus
401 1286 546 1347 maxima
566 1306 658 1358 voce,
679 1288 828 1368 plurimis
850 1288 969 1359 verbis,
984 1309 1006 1348 a
1028 1288 1075 1350 M.

56 1370 177 1433 Crasso
205 1380 344 1451 praetore
371 1368 591 1441 contenderet,
616 1380 653 1430 ut
679 1373 719 1442 ei,
746 1391 846 1451 quern
868 1370 1077 1444 defendebat,

9 1516 10 1519 ,
56 1456 156 1516 causis
171 1454 294 1516 cadere
309 1454 441 1525 liceret3
463 1453 521 1514 On.
538 1462 650 1515 autern
664 1453 835 1526 Octavius,
849 1454 946 1516 homo
962 1474 1076 1516 consu-

56 1540 143 1610 laris,
159 1559 228 1599 non
247 1539 354 1600 minus
378 1537 475 1614 longi
496 1540 643 1600 oratione
667 1548 844 1610 recusaret,
859 1557 901 1599 ne
925 1537 1077 1601 adversa-

57 1625 124 1684 rius
139 1622 245 1683 causi
267 1622 411 1691 caderet,
426 1641 465 1681 ae
481 1642 523 1682 ne
545 1623 582 1695 is,
596 1641 655 1703 pro
670 1642 734 1701 quo
755 1623 825 1704 ipse
841 1622 974 1695 diceret,
989 1624 1077 1704 turpi

55 1707 170 1768 tutelae
182 1705 320 1784 judicio,
336 1716 436 1784 atque
451 1706 539 1766 omni
560 1706 718 1778 molestiis,
733 1707 870 1769 stultitii
885 1707 1076 1778 adversarii,

57 1786 277 1855 liberareturl
321 1788 395 1867 Ego
409 1788 487 1850 verb
501 1790 588 1860 istos
603 1790 716 1868 inquit,
733 1791 879 1871 (memini
895 1791 983 1853 enirn
997 1791 1077 1853 mihi

58 1893 196 1935 namara
208 1872 372 1952 Mucium)
385 1892 452 1933 non
468 1873 563 1934 modo
574 1876 711 1935 oratoris
726 1877 867 1941 nomine,
878 1874 936 1936 sed
950 1895 991 1935 ne
1007 1874 1080 1937 foro

58 1957 193 2037 quidem
207 1957 323 2035 dignos
338 1956 509 2038 putarim.)
533 1957 634 2036 Atqui
645 1976 709 2018 non
723 1957 828 2020 defuit
843 1958 907 2019 illis
922 1961 1078 2039 patronis,

57 2043 162 2121 inquit
174 2039 323 2112 Crassus,
333 2041 533 2120 eloquentia,
544 2060 650 2120 neque
662 2041 791 2103 dicendi
802 2042 887 2104 ratio
898 2052 957 2103 aut
973 2044 1077 2123 eopia,

57 2126 114 2187 sed
123 2126 212 2204 juris
228 2125 335 2187 civilis
349 2124 543 2206 prudentia3
566 2124 651 2203 quod
663 2125 748 2187 alter
758 2127 841 2206 pluS,
852 2126 926 2204 lege
939 2127 1077 2205 agendo,

57 2209 205 2290 petebat,
221 2208 319 2287 quarn
334 2219 495 2288 quantum
509 2208 563 2269 lex
586 2209 620 2269 in
635 2207 712 2270 XII.
728 2210 850 2271 tabulis
864 2214 1077 2292 permiserat3

57 2293 142 2372 quod
157 2295 237 2354 clun
252 2293 465 2372 impetrrisset
477 2292 577 2353 causi
589 2293 740 2366 caderet3
763 2295 847 2356 alter
858 2296 1007 2373 iniquum
1020 2314 1078 2374 pu·

57 2377 152 2438 tabat
164 2376 242 2456 plus
252 2396 365 2438 seeum
378 2377 443 2454 agi,
455 2376 552 2454 quam
564 2376 648 2454 quod
660 2385 746 2438 esset
757 2379 791 2438 in
804 2380 934 2440 actione
946 2402 954 2451 ;
969 2398 1077 2457 neque

58 2459 279 2539 intelligebat,
294 2461 322 2521 si
337 2461 385 2522 ita
406 2468 493 2521 esset
515 2470 637 2532 aetum,
652 2460 744 2523 litem
766 2461 993 2523 adversarium
1007 2482 1078 2542 per-

58 2544 214 2607 diturum.
232 2564 240 2575 ·

97 2625 270 2690 XXXVII.
293 2624 404 2702 Quid?
427 2625 478 2689 his
500 2629 616 2708 paucis
639 2627 764 2701 diebus,
787 2647 905 2699 nonne,
927 2626 1021 2689 nobis
1044 2628 1078 2689 in

58 2711 219 2775 tribunali
235 2710 277 2785 Q.
293 2709 450 2791 Pompeii,
465 2713 613 2791 praetoris
634 2712 763 2783 urbani,
778 2711 950 2772 familiaris
967 2714 1078 2783 nostri,

11 2856 20 2883 >
57 2793 261 2865 sedentibus
277 2793 373 2855 homo
390 2815 432 2856 ex
453 2814 590 2856 numero
611 2795 805 2857 disertorum
826 2795 1026 2876 postulabat,
1042 2805 1078 2858 ut

58 2881 113 2949 illi,
128 2878 222 2941 unde
238 2887 415 2959 peteretur,
430 2887 527 2940 vetus
550 2888 649 2958 atque
671 2880 797 2941 usitata
820 2881 971 2961 exceptio
985 2880 1077 2941 dare·

57 2975 118 3037 tur,
129 2960 377 3043 cujuspeeuniae
388 2962 603 3045 diessuisset?
625 2962 711 3042 quod
723 2965 869 3044 petitoris
881 2964 981 3024 causi
993 2983 1078 3024 eom-

57 3058 218 3129 paratum
233 3065 304 3107 esse
320 3065 385 3106 non
406 3046 631 3123 intelligebat;
653 3056 700 3118 ut,
714 3049 742 3109 si
757 3047 813 3108 ille
835 3048 993 3109 infitiator
1007 3067 1078 3127 pro·

57 3133 169 3194 bdsset
190 3129 306 3207 judici,
321 3131 399 3190 ante
423 3132 562 3210 petitam
585 3149 655 3191 esse
679 3133 857 3211 pecuniam
879 3133 977 3211 quarn
993 3138 1079 3193 esset

58 3226 171 3297 coepta
197 3213 320 3286 deberi,
346 3215 465 3294 petitor
490 3233 601 3276 rursus
624 3216 698 3275 curn
724 3224 860 3295 peteret,
886 3217 1077 3294 exceptione

57 3298 300 3367 excluderetur,
325 3298 409 3377 quod
432 3319 483 3374 ea·
498 3318 548 3358 res
573 3297 607 3358 in
629 3297 788 3379 judicium
818 3309 909 3358 antea
935 3299 1076 3360 venisset.

58 3383 148 3460 Quid
165 3401 246 3458 ergo
270 3380 332 3442 hoc
347 3380 419 3443 fieri
433 3382 560 3462 turpius
584 3391 643 3442 aut
658 3382 724 3442 diei
747 3388 862 3459 potest,
877 3382 974 3462 quim
992 3401 1078 3453 eum,

57 3469 113 3548 qui
128 3468 218 3528 hane
233 3484 408 3546 personam
431 3467 620 3547 susceperit,
635 3473 672 3526 ut
694 3466 875 3527 amicorum
893 3475 1077 3528 controver-

58 3554 125 3613 sias
148 3568 332 3628 causasque
354 3559 497 3621 tueatur‚
522 3549 747 3611 laborantibus
776 3561 955 3622 succurrat,
980 3552 1078 3626 aegris

58 3635 240 3705 medeatur,
256 3631 396 3695 afflictos
410 3635 541 3705 excitet,
555 3633 642 3694 hunc
658 3635 692 3695 in
707 3635 850 3711 minimis
864 3633 1077 3695 tenuissimis-

59 3739 122 3800 que
138 3718 236 3780 rebus
258 3719 308 3779 ito
323 3718 399 3789 labi,
414 3731 451 3778 ut
467 3719 541 3779 aliis
562 3717 776 3790 miserandus,
792 3719 866 3778 aliis
888 3715 1077 3786 irridendus,

60 3823 131 3866 esse
148 3798 525 3981 videaturlKEquidem
536 3803 754 3883 propinquum
769 3811 924 3871 nostrum,
937 3799 971 3862 P.
982 3798 1075 3861 Cras·
1093 3850 1099 3861 .

546 3887 587 3946 4*

328 3948 333 3979 l
