2452 4290
344 367 388 410 nu
407 365 551 410 aaaron
570 368 659 410 tram
679 368 798 413 umus
1040 358 1082 418 ⁴0

59 516 124 577 lica
137 513 341 577 muneribus
355 514 565 594 perfunctum
580 534 693 578 senem
704 532 798 596 posse
810 536 870 580 suo
879 519 955 596 jure
970 519 1080 585 dicore

57 598 147 671 idem,
161 597 257 679 quod
272 598 362 678 apud
377 598 530 660 Ennium>
547 599 635 661 dicat
649 601 704 662 ille
721 599 856 681 Pythius
876 603 1019 684 Apollo?
1041 625 1078 669 se

56 703 121 744 osse
135 703 230 754 eum,
245 682 335 743 unde
350 683 421 754 sibi,
437 685 545 744 sinon
560 684 669 764 populi
687 693 721 746 et
736 704 840 764 reges,
852 696 888 749 at
899 708 1013 752 omnes
1027 691 1078 754 sui

23 841 25 844 y
55 769 150 839 cirea,
164 766 347 829 consilium
362 776 528 847 expetant,

231 892 349 943 Sacrum
360 911 447 944 rerum
458 894 570 946 incerti:
590 911 653 962 quos
665 912 714 964 ego
726 898 783 948 mcci
796 913 842 966 ope
854 914 886 950 ec

229 977 345 1028 Incertis
357 985 448 1040 certm,
461 986 636 1047 compotesque
649 980 749 1043 consili,

229 1059 353 1122 Dimisso,
365 1070 394 1112 ut
406 1067 492 1113 ne'res
505 1064 598 1115 temere
612 1071 722 1115 tractent
735 1064 859 1116 turbidas.

54 1187 111 1251 Est
126 1189 221 1250 euim
236 1190 308 1249 siue
320 1188 418 1249 dubio
430 1189 546 1250 domus
556 1191 779 1268 jurisconsulti
791 1194 892 1254 totius
903 1195 1072 1257 oraculum
1143 1232 1146 1238 ,

54 1274 211 1334 civitatis,
257 1271 365 1334 Testis
380 1283 429 1357 est
444 1272 579 1352 hujusce
591 1272 632 1350 Q.
646 1274 751 1336 Mucii
762 1278 869 1354 ⁸janua
884 1285 917 1338 et
932 1277 1074 1341 vestibu-

53 1357 130 1428 lum,
144 1355 246 1435 quod,
270 1356 304 1417 in
326 1358 398 1435 ejus
421 1357 641 1419 infirmissimi
663 1359 866 1430 valetudine,
890 1359 1074 1439 affectaque

48 1442 119 1519 jam
133 1449 248 1511 aetate,
264 1441 408 1501 maximi
421 1441 563 1520 quotidie
579 1441 762 1521 frequentia
786 1444 918 1515 civium,
933 1462 974 1504 ac
989 1463 1074 1505 sum·

52 1544 181 1586 morum
198 1523 368 1586 hominum
383 1525 562 1605 splendore,
577 1526 772 1587 celebratur.

93 1608 213 1670 XLVI.
237 1606 314 1669 Jam
328 1608 407 1671 verd
422 1610 480 1670 illa
503 1630 568 1671 non
591 1610 725 1687 longam
748 1611 930 1673 orationem
951 1610 1074 1674 deside·

53 1701 135 1766 rant,
151 1692 369 1773 quamobrem
391 1694 574 1756 existimem
597 1695 731 1774 publica
753 1714 880 1775 quoque
900 1696 988 1773 jura,
1002 1716 1074 1775 quae

53 1787 127 1839 sunt
150 1777 290 1857 propria
313 1779 457 1839 civitatis
480 1787 580 1858 atque
604 1780 742 1859 imperii,
766 1791 836 1842 tum
860 1789 1074 1847 monumenta

53 1881 162 1923 rerum
190 1870 378 1938 gestarum,
396 1871 430 1922 et
455 1863 630 1924 vetustatis
660 1865 821 1943 exempla,
847 1866 969 1925 oratori
995 1873 1075 1926 nota

54 1966 124 2007 esse
156 1945 290 2006 debere.
334 1944 423 2007 Nam
452 1954 499 2019 ut,
528 1948 563 2007 in
592 1967 702 2010 rerum
731 1949 937 2027 privatarum
966 1950 1074 2010 causis

54 2039 151 2110 atque
162 2029 310 2108 judiciis,
324 2028 545 2110 depromenda
568 2033 655 2111 saepe
667 2034 772 2092 oratio
787 2040 837 2092 est
852 2051 894 2093 ex
904 2033 979 2109 jure
996 2033 1073 2094 oivi·

54 2114 86 2188 li,
108 2123 142 2176 et
167 2113 293 2175 idcirco
308 2113 452 2193 (utente
467 2114 620 2194 diximus)
638 2117 759 2177 oratori
777 2117 863 2192 juris
885 2116 991 2177 civilis
1014 2118 1074 2179 sci-

54 2200 143 2261 entia
158 2200 353 2259 necessaria
368 2207 436 2273 est3
458 2200 516 2270 sic,
530 2200 565 2260 in
580 2201 689 2260 causis
707 2199 847 2280 publicis
866 2200 1075 2279 judiciorum,

53 2284 261 2353 concionum,
275 2284 418 2356 seuatdS,
433 2285 538 2344 omnis
553 2283 623 2345 haec
639 2294 672 2345 et
688 2286 892 2364 antiquitatis
907 2288 1075 2354 memoria,

52 2377 85 2430 et
99 2366 229 2448 publici
239 2368 324 2444 juris
347 2370 535 2440 auctoritas,
549 2376 584 2429 et
598 2368 750 2446 regendae
765 2369 968 2450 reipublicae
990 2371 1075 2430 ratio

52 2470 91 2513 ac
107 2451 263 2520 scientia,
277 2458 436 2528 tanquam
452 2452 564 2531 aliqua
578 2454 741 2524 materies
756 2453 796 2513 iis
811 2452 1004 2525 oratoribus,
1019 2454 1075 2531 qui

51 2545 232 2598 versantur
247 2535 282 2594 in
295 2534 471 2613 republica
482 2536 632 2613 subjecta
647 2555 718 2598 esse
733 2535 861 2597 debent.
899 2535 931 2596 N
933 2556 975 2596 on
987 2538 1075 2597 enim
1155 2544 1158 2549 ’

52 2618 262 2682 causidicum
285 2618 397 2679 nescio
417 2639 525 2698 quem,
539 2640 645 2700 neque
661 2621 935 2699 proclamatorem
951 2627 1009 2679 aut
1025 2639 1075 2680 ra·
1173 2672 1174 2675 ,

52 2704 180 2772 bolam,
195 2701 259 2763 hoc
274 2722 422 2764 sermone
437 2713 548 2765 nostro
563 2704 792 2782 conquirimus
803 2701 860 2762 sed
872 2721 948 2763 eum
960 2702 1076 2775 virum,

52 2790 107 2868 qui
122 2786 271 2868 primum
285 2787 328 2847 sit
342 2788 413 2865 ejus
429 2789 509 2849 altis
521 2790 668 2859 antistes
680 2786 775 2865 cujus
786 2787 861 2848 cum
873 2788 944 2865 ipsa
955 2796 1077 2850 natura

53 2886 219 2950 magnam
232 2869 357 2932 homini
370 2869 564 2933 facultatem
580 2872 683 2941 daret,
698 2880 810 2932 tamen
827 2889 897 2931 esse
913 2868 1004 2932 Deus
1019 2891 1076 2952 pu-

52 2966 156 3028 tatur,
182 2963 222 3014 ut
245 2963 279 3015 et
301 2956 418 3035 ipsum,
441 2955 527 3034 quod
551 2965 623 3017 erat
648 2955 787 3016 hominis
811 2955 987 3034 proprium,
1012 2974 1077 3016 non

53 3048 191 3122 partum
207 3056 267 3119 per
280 3058 349 3108 noe,
364 3038 420 3099 sed
443 3039 598 3100 divinitus
624 3039 665 3100 ad
689 3060 748 3101 nos
770 3039 928 3109 delatum,
951 3038 1077 3100 videre·

54 3133 128 3195 tur3
152 3121 282 3194 deinde,
296 3123 353 3201 qui
366 3123 476 3202 possit,
491 3142 555 3184 non
571 3132 641 3184 tam
657 3123 801 3186 caduceo
825 3124 922 3202 quam
945 3123 1077 3185 nomine

55 3208 199 3269 oratoris
214 3215 358 3278 ornatus,
373 3206 554 3278 incolumia
569 3208 622 3269 vel
638 3209 724 3269 inter
747 3206 890 3268 hostium
912 3207 989 3279 tela,
1004 3227 1077 3268 ver-

57 3293 142 3353 sari:
160 3299 241 3361 tum,
250 3291 306 3369 qui
318 3291 425 3352 scelus
437 3290 649 3370 fraudemque
664 3291 812 3352 nocentis
826 3292 926 3369 possit
941 3290 1078 3352 dicendo

57 3375 222 3454 subjicere
238 3374 311 3435 odio
327 3376 459 3447 civium,
474 3376 699 3455 supplicioque
714 3375 955 3450 constringere3
977 3375 1078 3437 idem·

57 3478 121 3539 que
137 3459 265 3536 ingenii
278 3459 429 3539 praesidio
443 3460 666 3520 innocentiam
678 3457 877 3537 judiciorum
888 3457 985 3539 poeui
999 3459 1078 3521 libe-

57 3563 154 3613 rare;
176 3541 329 3621 idemque
344 3544 558 3622 languentem
581 3542 813 3622 labentemque
836 3545 996 3623 populum
1020 3552 1079 3605 aut

58 3626 103 3689 ad
126 3626 229 3689 decus
252 3628 408 3700 excitare,
423 3637 482 3689 aut
497 3626 541 3690 ab
556 3647 664 3689 errore
686 3626 857 3698 deducere,
872 3635 931 3689 aut
952 3625 1079 3689 inflam-

57 3729 153 3773 mare
168 3710 204 3772 in
217 3711 391 3792 improbos,
402 3720 462 3774 aut
471 3712 646 3773 incitatum
660 3711 695 3772 in
709 3711 811 3773 bonos
825 3711 978 3785 mitigare
989 3729 998 3778 ς
1022 3710 1080 3787 qui

58 3794 214 3876 denique,
228 3801 458 3877 quemcunque
471 3796 507 3858 in
521 3796 641 3859 animis
655 3795 824 3860 hominum
838 3800 964 3855 motum
978 3809 1031 3855 res
1044 3798 1080 3854 et
