2444 4276
132 345 194 409 sm
403 362 443 407 aa
462 360 604 407 onerosa
623 361 714 403 unm
733 359 870 405 rursus.
921 419 925 426 ¹

129 526 321 575 consumere
341 515 487 579 oetatem
501 515 601 587 atque
625 516 664 573 ut
687 507 788 588 possit
810 510 840 569 is
861 507 1058 573 illaomnia
1080 527 1151 571 cer·

128 611 217 664 nere,
230 593 287 671 qui
307 591 535 657 tantummodo
556 591 762 673 adspexerit:
784 591 842 655 sed
855 591 959 655 etiam
973 592 1003 653 si
1015 601 1068 653 est
1089 590 1151 655 ali·

128 676 252 757 quanto
273 677 416 757 spissius,
438 685 498 739 aut
518 677 546 737 si
568 696 630 754 ego
652 694 726 736 snm
747 674 882 747 tardior,
901 674 1048 754 profecto
1067 696 1151 741 nun·
1211 678 1212 713 ³

128 780 228 840 quam
250 761 492 840 conquiescam,
512 779 621 839 neque
635 758 843 838 defatigabor
857 759 943 831 ente,
958 759 1056 839 quim
1077 760 1152 825 illo-

127 864 201 907 rum
212 846 373 926 ancipites
384 844 457 907 vias
470 845 691 924 rationesque,
698 852 732 906 et
747 863 805 925 pro
815 843 977 916 omnibus,
987 852 1022 909 et
1032 852 1152 909 contra

127 930 248 1001 omnia,
261 929 450 1009 disputandi
464 948 650 1010 percepero.

170 1012 256 1073 Tum
271 1012 391 1085 Caesar,
406 1012 526 1085 Unum,
541 1014 656 1092 inquit,
668 1030 722 1073 me
737 1031 779 1075 ex
800 1021 858 1073 tuo
879 1029 1028 1073 sermone
1042 1014 1150 1074 maxi-

126 1096 189 1167 me,
204 1095 331 1168 Crasse,
347 1098 533 1168 commovit,
554 1096 641 1176 quod
662 1115 738 1158 eum
761 1096 898 1173 negasti,
912 1095 970 1174 qui
992 1114 1060 1173 non
1082 1095 1152 1159 cito

127 1180 204 1257 quid
229 1179 405 1250 didicisset,
431 1200 577 1260 unquam
601 1178 733 1242 omnino
757 1200 853 1261 posse
879 1179 1088 1260 perdiscere;
1112 1188 1151 1242 ut

126 1263 207 1325 mihi
222 1265 343 1327 nonsit
357 1263 489 1327 difficile
505 1265 694 1345 periclitari,
709 1272 743 1325 et
765 1272 824 1324 aut
845 1265 957 1324 statim
977 1264 1151 1345 percipere

126 1347 200 1419 ista,
214 1368 287 1427 quae
302 1358 339 1411 tu
354 1349 464 1411 verbis
478 1348 522 1411 ad
536 1349 657 1411 coelum
672 1348 818 1411 extulisti
831 1370 840 1419 ς
862 1356 932 1419 aut,
953 1348 982 1409 si
1004 1367 1071 1411 non
1092 1368 1150 1429 po-

125 1431 253 1503 tuerim,
269 1441 398 1514 tempus
413 1453 478 1494 non
499 1433 646 1514 perdere,
661 1434 736 1494 oiim
749 1440 863 1497 tamen
878 1430 928 1492 his
942 1432 1062 1493 uostris
1075 1451 1151 1512 pos-
1212 1410 1213 1501 l

126 1516 188 1581 sim
203 1535 275 1578 esse
291 1525 471 1583 contentus.
1212 1542 1213 1559 ¹

169 1599 233 1662 Hic
249 1599 423 1681 Sulpicius,
438 1599 512 1679 Ego
526 1600 616 1672 vero,
629 1599 744 1680 inquit,
762 1598 889 1671 Crasse,
903 1618 1009 1679 neque
1025 1597 1151 1662 Aristo-
1212 1644 1213 1647 κ

126 1684 227 1747 telem
238 1686 347 1756 istum,
355 1704 461 1764 neque
473 1683 688 1756 Carneadem,
697 1704 759 1747 nec
769 1682 1036 1763 philosophorum
1047 1703 1151 1764 quen·

126 1788 227 1849 quam
248 1768 417 1831 desidero:
439 1769 494 1831 vel
516 1789 569 1832 me
592 1769 672 1830 licet
694 1769 862 1830 existimes
882 1767 1059 1849 desperare
1083 1770 1152 1830 ista

125 1872 221 1935 posse
235 1852 430 1933 perdiscere,
444 1853 499 1916 vel
515 1854 562 1933 (id
575 1853 662 1935 quod
677 1850 777 1932 facio)
795 1860 1014 1915 contemnere.
1061 1851 1150 1915 Mihi

126 1956 237 2001 rerum
259 1938 438 2001 forensium
454 1947 488 2000 et
503 1939 725 2001 communium
740 1937 887 2015 vulgaris
908 1935 979 1998 haec
1001 1939 1153 2015 cognitio
1211 1990 1213 2021 ,

127 2021 206 2082 satis
228 2042 352 2101 magna
366 2033 416 2085 est
431 2021 476 2087 ad
488 2042 573 2093 eam,
588 2041 689 2101 quam
703 2031 824 2103 specto,
839 2021 1063 2100 eloquentiam
1076 2044 1096 2094 ς.
1108 2041 1152 2084 ex
1212 2048 1213 2097 j

106 2182 109 2187 Ι
126 2106 191 2185 qut
204 2107 275 2186 ipsa
289 2118 402 2168 tamen
417 2106 581 2187 permulta
595 2106 725 2178 nescio;
740 2125 813 2185 quae
823 2114 894 2167 tum
909 2103 1152 2184 denique,ci1m

109 2208 231 2253 ·causa
253 2191 374 2268 aliqua,
393 2210 469 2270 quse
489 2210 511 2251 a
532 2210 586 2255 me
608 2189 748 2253 dicenda
762 2197 822 2262 est,
836 2189 1011 2262 desiderat,
1025 2209 1151 2269 quaero.
1212 2144 1214 2247 l

126 2272 362 2349 Quamobrem,
386 2275 449 2336 nisi
472 2274 556 2336 forte
578 2295 614 2337 es
635 2276 708 2353 jam
731 2273 887 2346 defessus,
901 2282 935 2335 et
959 2274 988 2334 si
1007 2273 1068 2337 tibi
1084 2294 1153 2339 nen

126 2376 247 2436 graves
261 2376 382 2429 sumus
395 2357 483 2423 refer
499 2358 542 2423 ad
564 2359 624 2421 illa
644 2368 688 2431 te,
702 2378 776 2438 ques
799 2357 842 2419 ad
865 2358 967 2439 ipsius
990 2359 1152 2423 orationis

12 2460 14 2463 ·
126 2440 259 2503 laudem
274 2441 543 2523 splendoremque
558 2444 740 2524 pertinent3
762 2461 835 2521 quee
851 2462 912 2519 ego
927 2461 969 2505 ex
983 2450 1016 2505 te
1032 2442 1152 2505 audire
1213 2440 1214 2503 l

126 2525 228 2598 volui,
237 2546 304 2587 non
313 2535 349 2588 ut
360 2526 569 2608 desperarem
580 2548 634 2590 me
645 2526 868 2606 eloquentiam
877 2527 1032 2605 consequi
1043 2545 1153 2605 posse,

127 2608 185 2673 sed
199 2618 235 2670 ut
253 2610 378 2690 aliquid
393 2610 604 2675 addiscerem.

141 2692 146 2700 ’
169 2692 333 2757 XXXVII.
357 2694 443 2757 Tum
465 2695 612 2767 Crassus,
633 2692 851 2839 Pervssam
871 2712 923 2755 res
938 2693 1087 2772 requiris,
1101 2695 1151 2759 in-

20 2850 28 2861 ,
127 2779 255 2867 quit,·et
276 2778 336 2839 tibi
358 2799 424 2840 non
438 2780 633 2857 incognitas,
647 2777 741 2859 Sulpi
761 2779 782 2839 i.
826 2776 912 2853 Quis
926 2778 1014 2839 enim
1029 2776 1070 2837 de
1086 2779 1152 2845 isto

126 2879 248 2939 genere
263 2881 332 2939 nonn
343 2861 464 2936 docuit,
478 2884 543 2933 non
558 2863 706 2933 instituit,
729 2882 793 2923 non
808 2862 911 2925 etiam
925 2862 1084 2940 scriptum
1099 2880 1150 2936 re·

22 2948 61 2964 ''
126 2942 243 3041 liquit?
288 2931 362 3006 Sed
370 2956 484 3023 geram
499 2942 644 3018 mli'rem3
668 2955 701 3007 et
723 2964 765 3007 ea
779 2945 962 3016 dumtaxat,
977 2964 1051 3024 ques
1066 2945 1152 3009 mihi

127 3037 207 3089 nota
231 3038 316 3100 sunt,
335 3028 480 3093 breviter
505 3050 668 3111 exponam
693 3030 773 3101 tibi;
796 3029 936 3093 censebo
959 3040 1082 3100 tamen,
1105 3028 1151 3093 ad

10 3178 16 3199 .‹
126 3130 193 3185 eos,
208 3114 263 3192 qui
279 3122 430 3177 auctores
441 3125 475 3176 et
490 3115 678 3177 inventores
689 3123 765 3176 sunt
779 3113 898 3179 harum
909 3113 990 3177 sene
1004 3113 1149 3177 minuta·

126 3216 200 3259 rum
215 3218 333 3271 rerum,
348 3199 587 3263 revertendum.
618 3198 732 3261 Omnis
746 3199 846 3276 igitur
860 3198 965 3259 oratio
976 3195 1150 3260 conficitur

127 3282 313 3355 ex‘verbi83
335 3303 473 3362 quorum
495 3284 637 3366 primirm
659 3282 754 3344 nobis
777 3284 861 3344 ratio
884 3281 1077 3369 simplipiter
1101 3283 1149 3343 vi-

126 3364 235 3431 denda
249 3376 308 3439 est,
323 3367 440 3433 deinde
461 3368 656 3447 conjuncte3
678 3387 757 3429 nam
779 3374 829 3429 eat
850 3365 984 3444 quidam
1010 3375 1151 3431 ornatus

126 3451 291 3523 orationis,
306 3453 362 3530 qui
385 3472 426 3515 ex
449 3453 586 3531 singulis
600 3451 710 3514 verbis
733 3460 802 3523 est3
825 3450 919 3521 alius,
934 3450 990 3528 qui
1010 3469 1052 3510 ex
1072 3469 1149 3512 con·

126 3534 264 3606 tinuatis
279 3537 524 3616 conjunctisque
540 3546 678 3600 constat.
713 3532 803 3614 Ergo
816 3544 948 3597 utemur
963 3532 1073 3595 verbis
1088 3543 1151 3596 aut

126 3618 254 3695 iisquae
269 3621 402 3699 propria
416 3631 491 3681 sunt
506 3630 539 3684 et
554 3630 646 3687 certa
660 3622 754 3700 quasi
769 3617 934 3681 vocabula
947 3618 1150 3699 recumpen-

127 3701 169 3763 ne
184 3703 251 3763 und
264 3711 345 3763 nata
359 3721 435 3765 cum
450 3703 547 3769 rebus
561 3707 641 3785 ipsis
653 3727 662 3777 ς
678 3713 737 3766 aut
752 3705 792 3765 iis
806 3723 879 3784 quae
894 3700 1149 3775 transferuntur,

128 3791 163 3845 et
176 3785 271 3860 quasi
282 3786 391 3849 alieno
404 3786 439 3849 in
449 3786 522 3849 loco
533 3789 753 3860 collocantem
769 3797 828 3851 aut
842 3788 883 3850 iis
896 3805 970 3866 qna
984 3806 1150 3851 novamus
