2444 4276
305 351 345 395 nrt
363 349 508 395 curcur
528 349 618 392 mna
638 348 777 391 rumne.
992 332 1049 393 ΠΙ
1178 386 1180 393 ,

24 506 145 567 antem
159 506 217 563 est
226 497 414 570 absurdum,
426 498 463 583 ei,
473 498 674 570 concionem,
684 504 743 559 aut
758 500 993 583 sentiment
1006 499 1054 560 ul·

23 584 98 646 lum
113 593 239 646 coetum
253 581 422 644 hominum
437 585 652 655 committere,
668 584 722 644 oui
737 602 834 647 nemo
848 583 988 655 illorum,
999 585 1055 663 qui

25 668 149 740 adsint,
174 687 285 738 sanus,
311 687 408 728 nemo
432 669 523 740 civis,
548 688 645 729 nemo
674 666 766 740 liber,
790 684 873 739 esse¹
892 667 1054 737 videatur.

28 746 180 825 Acce'dit,
191 751 277 832 quid
290 752 447 817 orationis
458 754 560 815 etiam
575 771 680 829 genus
692 752 969 853 habentdfortasse
981 753 1055 815 suh·

27 837 98 910 ule,
120 846 154 899 et
178 838 266 901 certe
282 846 418 899 acutum
428 860 443 909 3a
460 837 527 910 sed,
541 847 578 900 ut
600 839 634 898 in
649 846 787 910 oratore,
803 824 898 913 erdl'p,
919 839 1055 900 inusita-

27 932 113 994 tum,
127 921 309 984 abhorrens
323 922 367 982 ab
382 921 519 987 auribus
533 921 635 999 vulgi,
650 921 834 994 obscurum,
849 924 958 994 inane,
969 924 1055 1001 jeju·

28 1027 122 1079 num,
137 1026 178 1068 ac
200 1015 314 1068 tamen
328 1006 498 1085 ejusmodi,
511 1026 576 1087 quo
590 1008 640 1068 uti
661 1005 705 1069 ad
718 1003 839 1084 vulgus
854 1007 944 1068 nullo
958 1007 1055 1069 modo

29 1093 146 1173 possis
192 1087 373 1155 Aliaenim
389 1102 422 1153 et
445 1092 533 1153 bona
550 1103 584 1154 et
607 1092 698 1153 mala
712 1090 865 1154 videntur
879 1090 1008 1165 Stoicis,
1022 1104 1056 1155 et

30 1176 162 1239 crateris
173 1175 310 1247 civibus,
325 1177 379 1238 vel
395 1178 503 1257 potihs
517 1175 690 1254 gentibus3
712 1175 781 1237 alia
793 1177 844 1239 ris
858 1176 998 1250 honoris,
1008 1179 1056 1256 ig·

28 1261 197 1333 nominiae,
212 1260 347 1342 praemii,
361 1261 535 1342 supplicii3
558 1260 645 1331 vere,
660 1279 703 1321 an
719 1279 823 1333 secus,
838 1260 920 1322 nihil
935 1261 1055 1323 adhoc

28 1354 186 1428 tempus:
207 1345 265 1407 sed
279 1364 322 1406 ea
344 1347 381 1406 si
396 1365 583 1425 sequamur,
598 1345 725 1406 nullam
747 1363 894 1424 unquam
916 1364 986 1408 rem
1009 1346 1055 1408 di·
1086 1369 1088 1373 *
1194 1330 1196 1419 l

30 1429 148 1503 sendo,
164 1429 318 1510 expedire
333 1432 503 1510 possimus.

73 1514 209 1594 Reliqui
231 1523 307 1576 sunt
331 1510 555 1596 Peripatetici
567 1523 601 1576 et
624 1512 836 1593 Academici3
867 1533 1056 1594 quanquam

29 1599 310 1663 Academicorum
330 1618 451 1663 nornen
474 1607 525 1662 est
547 1618 659 1670 unum,
675 1600 844 1669 sententiae
862 1598 954 1660 duae:
976 1620 1057 1665 nam

26 1683 248 1765 Speusippus,
272 1681 421 1751 Platonis
446 1685 564 1746 sororis
589 1683 687 1756 filius,
707 1691 741 1745 et
766 1682 979 1756 Xenocrates,
1000 1688 1057 1765 qui

25 1768 209 1832 Platonem
222 1766 382 1842 audierat,
395 1778 437 1841 et,
446 1770 502 1849 qui
513 1767 746 1839 Xenocratem,
758 1768 892 1833 Polemo
906 1777 940 1830 et
954 1769 1058 1833 Gran·

24 1862 83 1916 tor
97 1853 181 1917 nihil
197 1854 240 1916 ab
256 1853 442 1926 Aristotele,
453 1855 509 1932 qui
523 1854 589 1915 und
603 1851 753 1914 audierat
769 1851 953 1925 Platonem,
964 1875 1056 1933 mag·

24 1954 73 2001 no
94 1959 198 2019 opere
213 1939 383 2012 dissensit:
406 1939 500 2019 copii
514 1936 662 2009 fortasse,
677 1948 710 1999 et
733 1939 896 1999 varietate
918 1937 1057 2014 dicendi,

15 2043 132 2105 tpares
147 2044 213 2086 non
227 2023 370 2086 fuerunt.
413 2023 581 2086 Arcesilas
603 2024 754 2103 primum,
769 2023 825 2102 qui
846 2021 1057 2088 Polemonem

25 2107 196 2181 audierat,
211 2128 252 2170 ex
266 2110 370 2171 variis
385 2107 533 2171 Platonis
547 2101 648 2180 libris,
660 2107 929 2188 sermonibusque
941 2107 1056 2172 Socra·

23 2194 119 2265 ticis,
132 2193 195 2256 hoc
210 2194 353 2256 maxime
368 2194 516 2274 arripuit,
527 2191 613 2254 nihil
624 2211 696 2255 esse
708 2195 798 2265 certi,
810 2193 896 2272 quod
911 2203 970 2256 aut
985 2215 1056 2256 sen-

25 2278 125 2341 sibus
136 2287 195 2340 aut
207 2268 317 2348 aniino
327 2279 454 2361 percipi
468 2278 587 2359 possit:
610 2297 709 2357 quem
719 2277 838 2351 ferunt,
848 2280 968 2341 eximio
980 2298 1056 2359 quo

20 2362 111 2425 ,dam
126 2382 224 2425 usum
238 2363 348 2443 lepore
359 2361 499 2434 dicendi,
511 2362 747 2443 adspernatum
762 2383 836 2425 esse
845 2383 943 2426 omne
955 2366 1057 2427 animi

27 2449 212 2527 sensusque
230 2448 401 2527 judicium,
418 2449 625 2529 primumque
647 2449 837 2529 instituisse,
853 2447 1057 2527 (quanquam
1152 2492 1158 2499 .

29 2531 63 2593 id
86 2531 152 2594 fuit
175 2532 381 2595 Socraticum
396 2530 553 2610 maxime)
569 2552 645 2605 non,
661 2531 740 2611 quid
762 2534 832 2613 ipse
847 2533 993 2603 sentiret,
1007 2551 1057 2594 os·
1076 2556 1084 2577 ι
1103 2536 1190 2569 “⁴⁶¹

29 2616 168 2679 tendere
178 2639 188 2690 ¹3
210 2617 268 2679 sed
282 2618 398 2680 contra
412 2617 455 2690 id,
469 2617 555 2698 quod
569 2619 705 2697 quisque
727 2636 763 2679 se
778 2617 898 2679 sentire
913 2615 1057 2689 dixisset,

31 2701 213 2783 disputare.
259 2714 289 2763 e
637 2776 654 2788 ρ
696 2774 718 2784 ..

74 2785 166 2848 Hinc
181 2786 251 2849 haec
267 2789 428 2848 recentior
443 2784 627 2849 Academia
642 2787 820 2857 emanavit,
835 2787 869 2847 in·
881 2786 946 2866 qui
960 2787 1055 2848 exsti·

33 2870 73 2932 tit
98 2861 211 2937 divim
236 2871 377 2950 qnidam
401 2872 571 2934 celeritate
595 2872 719 2949 ingenii
743 2869 937 2951 dicendique
963 2866 1057 2951 co'pii

35 2947 245 3027 Carneadem
276 2959 373 3035 cujus
401 2977 464 3035 ego
489 2957 551 3018 etsi
576 2956 696 3018 multos
722 2955 888 3017 auditores
917 2956 1056 3033 cognovi

35 3038 183 3111 Athenis,
197 3048 311 3102 tamen
326 3051 478 3103 auctores
493 3042 693 3103 certissimos
707 3040 844 3103 laudare
864 3059 1007 3122 possum,
1022 3049 1057 3102 et

36 3122 183 3187 socerum
198 3145 308 3187 meum
325 3125 349 3188 S
369 3126 519 3199 arolam,
533 3128 590 3206 qui
612 3145 688 3187 eum
708 3124 822 3189 Romae
837 3125 965 3186 audivit
981 3125 1056 3186 ado-

37 3206 170 3282 lescens
185 3219 218 3271 et
234 3208 276 3285 Q.
292 3209 330 3273 M
365 3211 466 3277 ellum
482 3210 518 3272 L.
534 3209 572 3273 F.
589 3209 789 3272 familiarem
802 3229 924 3282 meum,
945 3210 1056 3271 claris-

39 3294 153 3355 simum
176 3296 293 3367 virum,
308 3297 364 3375 qui
387 3296 481 3357 illum
496 3315 518 3357 a
532 3315 568 3357 se
593 3294 800 3356 adolescente
816 3292 964 3365 Athenis
983 3295 1056 3373 jam

40 3376 192 3441 affectum
207 3388 386 3453 senectute,
401 3380 522 3442 multos
536 3379 606 3455 dies
620 3378 771 3440 auditum
786 3397 858 3440 esse
873 3378 1015 3440 dicebat.

77 3461 162 3525 xlx
185 3462 268 3526 Haeo
292 3474 414 3537 autem,
429 3474 465 3526 ut
490 3485 532 3526 ex
547 3462 720 3545 Apennino
744 3458 925 3535 himinum,
946 3464 992 3526 sic
1014 3484 1056 3526 ex

38 3550 200 3631 communi
214 3548 413 3630 sapientium
423 3547 938 3629 jugc,suntdoctrii1arumfacta
950 3548 1055 3609 dihor-

54 3630 93 3705 ''a,
103 3642 140 3694 ut
154 3620 347 3715 phildsophi,
358 3643 518 3714 tanquam
532 3636 567 3696 in
581 3634 745 3716 Superum
759 3652 851 3695 mare
863 3632 989 3694 Ionium
1001 3632 1054 3693 de·

102 3729 183 3791 rent,
197 3716 352 3781 Groecum
367 3720 539 3800 quoddam,
554 3729 587 3783 et
602 3723 793 3801 portuosum
805 3740 813 3789 ;
836 3725 981 3779 oratores
996 3734 1054 3778 au·

72 3804 152 3866 min
173 3783 318 3869 ladrum
338 3803 401 3866 hoc
417 3805 572 3879 Tuscum,
586 3813 621 3867 et
642 3804 831 3876 barbarum,
846 3799 1055 3879 scopulosum
