2444 4276
345 337 384 379 oa
404 337 546 379 oratoru
567 338 656 379 amau
676 338 812 383 rucuma.
1024 322 1085 383 211

66 503 203 549 sensum
225 483 326 566 hujus
348 484 592 547 consuetudinis
611 485 781 548 vobiscum
805 484 848 547 ad
871 485 978 550 forum
1001 487 1088 551 defo·

12 626 14 645 ,
66 573 178 669 retisW
193 632 221 655 Ν
469 604 480 625 x

107 654 220 726 Edidi,
230 674 302 734 quae
318 655 418 735 potui,
429 673 493 715 non
510 662 546 715 ut
560 653 659 723 volui,
670 653 727 716 sed
742 662 846 716 utine
861 659 1016 736 temporis
1031 677 1088 719 an·

67 743 187 818 gustiae
204 744 390 817 coegerunt.
435 736 561 800 Scitum
577 748 627 801 est
643 739 731 800 enim
744 759 880 800 causam
891 741 1038 805 conferre
1053 743 1088 804 in

67 834 210 904 tempus,
227 827 301 885 oirm
317 820 435 883 afferre
450 824 555 923 plura,
567 825 594 885 si
610 823 734 905 cupiosi,
748 844 811 884 non
827 843 938 903 queas,

108 908 165 969 Tu
189 908 278 980 verd,
303 909 407 986 inquit
429 905 577 979 Catulus
599 908 759 985 collegisti
781 910 893 969 omnia
916 909 1088 988 (quantum

68 1012 130 1071 ego
146 1012 283 1074 possum
293 991 457 1070 judicare)
469 993 518 1053 ita
532 992 696 1062 divinitirs
708 1000 744 1052 ut
758 1012 824 1053 non
839 1013 860 1053 a
871 991 994 1055 Graecis
1008 994 1087 1055 didi·

68 1078 164 1149 cisse,
180 1076 239 1138 sed
253 1097 309 1137 eos
324 1078 410 1156 ipsos
424 1072 494 1137 haec
510 1075 625 1138 docere
642 1095 745 1157 posse,
757 1076 900 1138 videare.
945 1077 1001 1139 Mc
1018 1080 1087 1158 qui·

68 1159 144 1222 dem
162 1163 257 1222 istius
271 1162 428 1222 sermonis
443 1162 637 1241 participem
649 1160 774 1221 factum
790 1181 859 1222 esse
876 1162 1023 1239 gaudeo:
1047 1183 1088 1224 ac

68 1246 202 1317 vellem,
218 1255 254 1306 ut
276 1265 369 1306 meus
389 1265 499 1322 gener,
514 1244 634 1306 sodalis
657 1253 742 1315 tuus,
759 1243 962 1316 Hortensius,
978 1244 1087 1309 affuis-

69 1340 142 1402 set3
167 1349 266 1408 quem
281 1329 411 1408 quidem
434 1324 494 1407 egd
510 1328 637 1390 confido
659 1328 810 1390 omnibus
833 1330 903 1390 istis
927 1329 1088 1402 laudibus

69 1435 154 1494 quas
180 1424 217 1474 tu
239 1414 386 1474 oratione
412 1414 600 1493 complexus
623 1433 667 1484 es,
683 1413 899 1474 excellentem
923 1412 999 1473 fore.
1044 1413 1088 1476 Et

70 1497 223 1569 Crassus
237 1495 318 1557 Fore
332 1494 435 1558 dicis?
459 1498 581 1577 inquit:
605 1517 666 1574 ego
681 1497 760 1558 vero
775 1516 845 1558 esse
863 1498 936 1574 jam
953 1497 1066 1575 judico
1079 1518 1088 1571 3

71 1592 105 1644 et
119 1591 193 1642 turn
204 1581 363 1660 judicavi,
378 1583 463 1653 oum,
478 1602 530 1642 me
546 1581 689 1653 consule,
701 1582 734 1642 in
749 1591 867 1642 senatu
883 1600 1019 1642 causam
1034 1583 1088 1643 de·

71 1666 177 1728 sendit
194 1666 323 1735 Africae‚
338 1685 505 1745 nuperque
521 1668 623 1727 etiarn
637 1665 752 1744 magis,
764 1667 837 1726 cinn
852 1686 911 1747 pro
927 1664 1088 1747 Bithynia

8 1808 9 1813 ,
71 1770 151 1828 rege
164 1749 255 1811 dixit.
298 1749 523 1824 Quamobrem
538 1749 626 1811 recte
639 1750 737 1820 videa,
748 1748 883 1811 Catule:
905 1749 986 1811 nihil
1002 1751 1109 1812 enim

72 1836 127 1896 isti
143 1833 354 1904 adolescenti,
366 1854 470 1913 neque
486 1853 508 1894 a
522 1833 638 1894 natura
653 1853 757 1913 neque
774 1853 796 1893 a
810 1833 964 1909 doctrinis,
976 1833 1088 1896 deesse

8 1948 10 1961 f
73 1920 191 1980 sentin.
235 1918 312 1993 Qud
327 1916 433 1995 magis
449 1928 497 1978 est
519 1917 588 1988 tibi,
604 1915 710 1990 Cotta,
726 1927 758 1978 et
773 1916 842 1990 tibi,
857 1916 992 1998 Sulpici,
1007 1919 1089 1997 vigi·

73 2002 212 2064 landum
227 2023 267 2064 ac
283 2001 518 2063 laborandum:
541 2022 605 2063 non
621 2003 708 2063 enim
723 2002 778 2063 ille
793 2002 965 2064 mediocris
981 2012 1090 2065 orator·

73 2094 195 2149 vestrae
209 2087 303 2167 quasi
325 2088 501 2148 succrescit
516 2087 616 2156 aetati,
631 2086 689 2146 sed
704 2096 736 2147 et
758 2088 890 2165 ingenio
903 2088 1041 2167 peracri,
1056 2096 1089 2149 et

74 2170 183 2233 studio
206 2166 370 2249 flagranti,
386 2180 419 2231 et
442 2171 587 2232 doctrind
601 2171 729 2243 eximii,
745 2180 778 2232 et
801 2172 957 2234 memorii
979 2173 1089 2250 singu·

74 2256 148 2317 lari.
193 2253 255 2317 Cui
269 2274 457 2334 quanquam
468 2255 574 2326 faveo,
586 2265 697 2316 tamen
713 2256 805 2317 illurn
820 2258 912 2317 aetati
927 2276 994 2317 suae
1010 2276 1090 2337 pree·

74 2349 164 2401 stare
177 2342 291 2421 cupio:
314 2339 406 2401 vobis
418 2338 496 2400 vend
507 2339 599 2400 illurn
613 2348 707 2400 tanto
721 2341 879 2402 minorem
890 2359 1090 2420 praecurrere

74 2425 132 2485 vix
156 2422 330 2485 honestum
354 2433 413 2485 est.
459 2422 523 2484 Sed
542 2424 614 2501 jam
638 2422 821 2501 surgamus,
835 2425 948 2503 inquit,
967 2443 1090 2503 uosque

7 2570 13 2593 ‚
67 2527 248 2580 curemus3
271 2517 304 2569 et
315 2507 491 2588 aliquando
503 2506 546 2567 ab
562 2506 624 2567 hac
640 2510 847 2585 contentione
859 2507 1089 2588 disputationis

75 2593 204 2655 animos
218 2602 353 2666 nostros,
370 2611 547 2671 curamque
563 2588 720 2653 laxemus.
