2444 4276
375 354 413 396 uu
434 355 574 396 aasabim
595 355 683 395 uranu
705 355 840 396 rennuis.
1052 338 1116 398 203

89 504 240 575 videtur,
256 522 278 563 a
292 501 410 573 Numi,
425 522 501 579 rege
522 501 717 594 doctissimo,
733 501 974 580 majoribusque
990 502 1116 573 nostrie,

89 598 132 650 ut
161 588 337 668 epularum
367 585 666 669 solemniumofides
692 606 732 646 ac
761 586 861 657 tibioe,
886 585 1115 664 Saliorumque

90 692 226 743 versus,
248 670 413 742 indicant3
435 670 577 729 maxime
593 678 706 729 autem
721 689 742 728 a
756 669 883 731 Graeciei
905 680 1016 731 vetere
1032 670 1115 730 cele·

90 757 207 817 brata.
252 754 382 829 Quibus
397 755 524 815 utinam
539 752 761 831 similibusque
780 752 819 813 de
835 753 932 814 rebus
947 754 1115 834 disputari,

91 841 199 919 qu‘am
214 838 254 901 de
269 838 448 918 puerilibus
463 835 512 896 his
527 836 702 897 verborum
719 838 997 910 translationibus
1012 840 1111 899 melu·

91 921 227 985 issetisl

141 1006 278 1076 Verum,
292 1014 330 1066 ut
353 1006 387 1066 in
411 1023 508 1064 versu
531 1003 659 1081 vulgus,
682 1005 709 1065 si
733 1012 782 1066 est
806 1006 988 1085 peccatum,
1007 1005 1115 1066 videt:

94 1092 157 1162 sic,
167 1092 195 1151 si
211 1090 288 1168 quid
302 1091 337 1150 in
351 1088 460 1150 nostri
474 1088 620 1148 oratione
637 1088 811 1158 claudicat,
826 1091 933 1149 sentit.
979 1087 1044 1150 Sed
1059 1110 1113 1170 po·

94 1180 162 1236 etae
178 1194 244 1234 non
267 1174 426 1251 ignoscit3
449 1171 541 1231 nobis
561 1171 727 1232 concedit:
750 1174 850 1232 tacite
872 1182 985 1233 tamen
1005 1193 1116 1234 omnes

94 1279 167 1320 non
182 1277 253 1318 esse
277 1256 366 1329 illud,
381 1255 466 1334 quod
486 1254 634 1326 diximus
650 1265 763 1335 aptum
786 1255 1032 1336 perfectumque
1048 1278 1116 1318 eer-

95 1349 195 1403 nunt.
240 1340 352 1419 Itaque
375 1341 423 1401 illi
438 1346 575 1409 veteres,
591 1338 689 1413 (sicut
711 1339 805 1400 hodie
821 1340 923 1399 etiam
944 1341 1116 1401 nonnullos

99 1424 268 1502 videmus)
280 1427 355 1485 cum
367 1423 539 1484 eirc'uitum
554 1433 586 1483 et
601 1422 695 1502 quasi
710 1423 821 1484 orbem
833 1422 1006 1483 verborum
1018 1424 1115 1485 confi·

98 1530 178 1571 cere
193 1529 258 1569 non
281 1517 421 1588 possent,
439 1510 528 1587 (nam
551 1507 582 1567 id
605 1507 736 1585 quidem
751 1527 855 1587 nuper
869 1507 923 1567 vel
946 1527 1040 1586 posse
1063 1509 1115 1589 vel

98 1593 225 1656 audere
248 1591 419 1672 coepimus)
435 1600 540 1662 terna,
555 1601 613 1651 aut
636 1590 722 1661 bina,
738 1601 796 1651 aut
818 1591 965 1652 nonnulli
986 1589 1117 1669 singula

98 1680 205 1739 etiam
217 1676 318 1737 verba
329 1676 499 1736 dicebant:
522 1677 586 1753 qui,
598 1675 631 1735 in
643 1675 699 1735 ille
710 1674 847 1736 infantie
857 1676 1010 1746 naturali,
1024 1676 1116 1755 (illud

98 1761 189 1842 quod
205 1780 300 1821 aures
324 1760 491 1820 hominum
515 1757 723 1836 flagitabant)
736 1759 918 1820 >tendebant
941 1768 1063 1833 tamen,
1080 1768 1117 1821 ut

99 1855 134 1906 et
151 1846 210 1905 illa
225 1853 333 1905 essent
347 1843 450 1923 paria,
466 1863 537 1920 quae
553 1843 707 1914 dicerent,
723 1854 756 1903 et
774 1843 954 1922 aequalibus
970 1846 1115 1924 interspi-

9 1956 11 1965 ’
98 1928 285 1991 rationibus
299 1936 476 1988 uterentur.

146 2012 212 2074 Lll.
235 2012 381 2092 Exposui
395 2011 473 2082 sere,
488 2020 525 2071 ut
539 2012 640 2091 potui,
655 2030 734 2089 quat
748 2010 890 2072 maxime
906 2010 949 2072 ad
963 2021 1116 2073 omatum

99 2098 259 2158 orationis
282 2097 444 2176 pertinere
468 2093 662 2155 arbitrabar.
700 2091 785 2174 ,Dixi
808 2097 895 2156 enim
913 2095 952 2155 de
975 2097 1115 2173 singulo-

98 2201 177 2242 rum
191 2179 289 2240 laude
302 2170 473 2242 uerborum
486 2200 494 2249 3
516 2178 582 2239 dixi
594 2178 634 2239 de
650 2181 878 2257 conjunctione
894 2200 1026 2252 eorum;
1049 2180 1113 2240 dixi

99 2266 142 2326 de
159 2283 294 2324 numero
310 2271 408 2341 atque
424 2262 534 2322 formd.
579 2261 653 2333 Sed,
669 2264 695 2321 si
718 2263 867 2325 habitum
882 2266 984 2325 etiam
999 2265 1115 2325 oratio·

98 2351 163 2419 niS,
187 2356 221 2409 et
244 2348 337 2426 quasi
357 2347 498 2407 colorem
522 2346 675 2424 aliquem,
690 2349 862 2424 requiritis
886 2357 935 2409 est
961 2358 993 2409 et
1017 2349 1117 2427 plena

99 2432 264 2513 quaedam,
280 2430 336 2491 sed
351 2440 463 2490 tamen
477 2442 564 2490 teres
577 2452 584 2501 3
608 2440 640 2490 et
654 2433 772 2500 tenuis
787 2452 852 2492 non
867 2433 936 2491 sine
952 2432 1060 2491 nervis
1076 2451 1115 2491 ac

99 2517 248 2587 viribus;
270 2522 303 2576 et
318 2535 368 2585 ea,
383 2530 456 2592 quee
471 2514 635 2594 particeps
651 2513 817 2592 utriusque
832 2515 960 2592 generis
975 2514 1116 2593 quidam

99 2600 328 2663 mediocritate
350 2598 513 2658 laudatur.
559 2597 621 2659 His
638 2596 741 2658 tribus
756 2594 870 2675 figsiris
892 2597 1031 2658 insidere
1048 2599 1115 2676 qui·

99 2685 180 2746 dam
195 2684 386 2752 venustatis
402 2701 466 2742 non
487 2681 561 2742 fuco
584 2682 694 2752 illitus,
710 2681 766 2742 sed
789 2682 949 2758 sanguine
971 2679 1116 2752 diffusus,

99 2768 200 2829 debet
215 2768 311 2828 color.
355 2766 441 2827 Tum
456 2765 593 2844 denique
617 2764 708 2828 nobis
732 2765 784 2827 hic
800 2774 909 2826 orator
931 2767 978 2826 ita
993 2764 1115 2825 confor-

100 2851 242 2913 mandus
264 2861 312 2911 est
334 2859 368 2911 et
391 2849 502 2910 verbis
524 2859 557 2911 et
581 2850 821 2941 sententiisque
843 2848 1115 2928 quemadmodum

100 2937 158 3015 qui
180 2944 317 2995 utuntur
331 2934 431 2994 armis
446 2943 504 2994 aut
525 2934 686 3014 palaestri,
701 2955 765 2996 non
788 2934 891 2995 solum
906 2935 969 2995 sibi
990 2934 1116 2996 vitandi

101 3029 162 3081 aut
177 3017 314 3080 feriendi
329 3020 489 3079 rationem
505 3014 776 3080 esseb'abendam
791 3026 917 3098 putant,
933 3017 989 3079 sed
1005 3021 1115 3090 etiam,

100 3114 140 3165 ut
156 3123 232 3164 cum
246 3111 420 3163 venustate
437 3111 650 3174 moveantur3
673 3106 718 3164 sic
734 3103 842 3164 verbis
858 3102 988 3181 quidem
1003 3102 1046 3162 ad
1061 3122 1115 3183 ap·

101 3198 173 3249 tam
186 3188 451 3266 compositionem
463 3196 495 3248 et
511 3186 704 3258 decentiam,
716 3187 885 3263 sententiis
896 3185 974 3246 vero
989 3185 1032 3247 ad
1043 3206 1116 3263 gra-

101 3274 242 3333 vitatem
257 3272 421 3342 orationis
431 3279 557 3342 utatur,
574 3266 625 3350 [ut
641 3272 673 3342 ii,
688 3273 742 3349 qui
758 3270 792 3330 in
807 3289 972 3331 armorum
995 3278 1115 3332 tracta·

101 3358 191 3417 tione
207 3354 406 3437 versantur]
1055 3368 1059 3373 ·

146 3439 344 3502 Formantur
359 3447 470 3500 autem
493 3446 526 3499 et
549 3437 660 3508 verba,
675 3446 708 3497 et
731 3438 901 3497 sententiae
916 3437 1008 3518 paene
1023 3438 1116 3499 innu-

102 3524 314 3595 merabiliter,
329 3522 414 3602 quod
436 3521 515 3599 satis
526 3518 597 3583 'scio
612 3530 726 3582 notum
741 3540 812 3582 esse
827 3521 938 3582 vobis:
961 3521 1018 3582 sed
1032 3522 1117 3583 inter

103 3606 395 3670 conformationem
410 3601 584 3667 verborum
599 3613 632 3666 et
647 3607 882 3666 sententiarum
897 3605 957 3666 boc
974 3607 1116 3674 interest,

103 3691 189 3773 quod
204 3691 378 3753 verborum
393 3691 526 3761 tollitur,
542 3690 569 3750 si
584 3689 687 3750 verba
702 3689 855 3759 mutiris3
878 3688 1116 3750 sententiarum

103 3785 283 3857 permanet,
294 3774 541 3854 quibuscunque
556 3773 663 3835 verbis
678 3774 727 3834 uti
738 3773 829 3834 velis.
839 3770 971 3881 unod
986 3769 1117 3850 quidem
