2452 4290
294 367 335 408 oa
356 364 497 409 canrosa
517 366 606 408 amaa
627 367 790 411 caruimus·
1010 354 1047 414 ⁷1

25 513 52 575 si
65 513 99 575 id
113 512 203 575 mihi
219 496 329 575 minus
344 514 524 592 contingat,
538 514 593 577 vel
615 512 676 577 hoc
699 516 762 576 sim
784 515 973 595 quotidiano
995 526 1053 581 tuo

26 617 179 660 sermone
196 607 383 681 contentus
428 597 541 678 Itaque
564 600 715 679 experiar
730 599 881 679 equidem
903 601 993 672 illud,
1014 612 1053 665 ut

26 702 65 742 ne
80 680 266 763 Sulpicius
282 680 458 742 familiaris
470 703 572 753 meus,
584 693 644 744 aut
659 681 766 755 cotta,
780 684 854 764 plus
869 686 966 764 quam
980 707 1052 765 ego,

27 765 115 846 apud
141 776 177 827 te
207 765 321 827 valere
344 765 537 839 videantur3
563 776 596 829 et
618 776 651 829 te
674 768 817 843 exorabo
862 767 994 842 rosceto,
1015 781 1053 833 ut

28 850 105 911 mihi
121 868 257 930 quoque
273 858 307 910 et
321 848 440 911 Catulo
461 858 527 912 tuae
542 852 717 913 suavitatis
732 788 861 932 aliquitl
874 854 1051 934 impertias.

29 933 85 996 Sin
99 935 165 996 tibi
188 933 223 995 id
239 934 347 994 minus
369 933 493 1006 libebit,
508 955 573 996 non
588 945 621 996 te
636 934 771 1013 urgebo,
785 956 891 1016 neque
906 940 1052 1000 commit·

28 1026 106 1091 tam,
122 1028 171 1089 ut,
187 1017 269 1079 dum
283 1036 429 1091 vereare,
444 1028 482 1081 tu
492 1039 534 1086 ne
550 1020 594 1080 sis
608 1020 748 1101 ineptus,
762 1039 815 1082 me
831 1041 902 1082 esse
912 1021 1051 1099 judices.

29 1102 113 1163 Tum
135 1102 206 1173 ille,
231 1099 316 1178 Ego,
337 1101 535 1175 mehercule,
561 1105 675 1182 inquit,
696 1101 817 1176 Oaesar,
840 1124 882 1166 ex
903 1106 1053 1167 omnibus

31 1185 159 1248 Latinis
183 1184 304 1255 verbis,
325 1183 425 1265 huJus
438 1186 531 1248 verbi
554 1189 623 1248 vim
645 1187 699 1248 vel
721 1191 903 1251 maximam
924 1209 1054 1270 semper

30 1272 168 1350 putavi:
192 1289 292 1349 quem
307 1271 395 1331 enim
410 1290 469 1331 nos
485 1271 621 1353 ineptum
636 1290 803 1344 vocamus,
818 1273 847 1332 is
869 1271 949 1334 mihi
964 1274 1053 1335 vide·

30 1366 81 1416 tur
95 1354 141 1415 ab
164 1352 230 1415 hoc
245 1353 508 1415 nomenhabere
531 1355 675 1426 ductum,
690 1355 775 1433 quod
796 1375 858 1416 non
878 1358 920 1417 sit
941 1367 1053 1439 optus:

31 1438 124 1519 idque
157 1439 195 1498 in
220 1439 380 1498 sermonis
409 1439 511 1499 nostri
536 1439 770 1501 consuetudine
795 1440 922 1520 perlate
950 1450 1052 1520 patet.

31 1522 60 1583 N
62 1542 118 1584 am
133 1522 195 1602 qui
210 1530 278 1593 aut,
294 1530 424 1604 tempus
438 1522 515 1602 quid
529 1524 680 1604 postulet,
695 1543 760 1584 uon
776 1522 875 1595 videt,
886 1531 944 1584 aut
958 1524 1055 1604 plura

32 1608 184 1687 loquitur,
201 1614 260 1667 aut
283 1626 317 1668 se
333 1615 485 1678 ostentat,
502 1617 560 1681 aut
577 1627 701 1679 eorum,
716 1607 910 1686 quibuscum
926 1619 984 1680 est,
999 1608 1053 1670 vel

31 1690 204 1769 dignitatis
215 1690 270 1750 vel
285 1689 446 1752 commodi
462 1693 623 1753 rationem
639 1712 703 1753 non
718 1691 828 1764 habet,
840 1700 899 1753 aut
914 1691 1053 1772 denique

30 1776 61 1836 in
76 1775 194 1854 aliquo
216 1793 337 1851 genere
353 1784 411 1836 aut
432 1776 646 1837 inconcinnus
661 1783 720 1837 aut
743 1775 940 1847 multasset,
955 1777 983 1837 is
1006 1777 1054 1837 in·

31 1869 123 1939 eptus
140 1859 273 1920 dicitur.
317 1857 391 1920 Hoc
407 1860 487 1920 vitio
502 1860 673 1922 cumulata
688 1869 737 1921 est
760 1859 982 1921 eruditissima
995 1860 1055 1920 illa

31 1942 222 2005 Graecorum
245 1943 356 2004 natio:
385 1942 507 2023 itaque,
528 1944 613 2023 quod
636 1945 701 2005 vim
725 1942 823 2022 hujus
844 1944 924 2005 mali
946 1943 1054 2004 Graeci

31 2047 91 2090 non
106 2027 236 2097 vident,
251 2047 292 2088 ne
308 2046 428 2088 nomen
450 2027 581 2105 quidem
596 2030 627 2090 ei
649 2029 731 2089 vitio
752 2030 994 2107 imposuerunt:
1016 2036 1054 2090 ut

33 2115 117 2175 enim
133 2121 270 2191 quaeras
282 2112 403 2183 omnia,
417 2112 577 2190 quomodo
591 2112 699 2174 Graeci
713 2115 862 2192 ineptum
877 2112 1054 2194 appellent,

32 2216 91 2259 non
106 2196 267 2276 reperies
311 2194 465 2256 Omnium
480 2205 593 2258 autem
615 2198 815 2278 ineptiarum
830 2216 902 2277 quae
917 2206 992 2258 sunt
1007 2199 1054 2259 in·

33 2279 265 2349 numerabiles,
280 2276 369 2340 haud
384 2281 452 2341 scio
467 2300 511 2340 an
526 2280 596 2341 ulla
611 2282 653 2342 sit
674 2283 790 2359 major,
805 2282 901 2362 quam
924 2281 1054 2343 illorum

34 2366 82 2444 qui
96 2365 220 2435 solent,
231 2382 425 2443 quocunque
440 2366 475 2425 in
491 2364 571 2437 loco,
583 2385 793 2445 quoscunque
808 2368 895 2427 inter
906 2365 1055 2427 homines

33 2450 137 2512 visum
153 2457 217 2519 est,
232 2446 272 2509 de
288 2447 386 2509 rebus
402 2458 460 2510 aut
476 2446 675 2510 difficillimis
697 2460 835 2511 autnon
851 2451 1054 2522 necessariis,

33 2532 243 2613 argutissime
260 2531 443 2612 disputare,
483 2531 557 2594 Hoc
572 2553 631 2595 nos
646 2533 689 2595 ab
705 2534 775 2594 istis
791 2532 1056 2595 adolescentibus

33 2616 139 2681 facere
156 2617 257 2678 inviti
273 2625 307 2677 et
321 2626 514 2678 recusantes
528 2616 600 2679 heri
614 2617 722 2680 coacti
737 2636 859 2704 sumus.

69 2702 111 2764 V.
136 2701 229 2763 Tum
240 2699 389 2779 Catulus,
400 2700 453 2763 Ne
464 2700 573 2763 Graeci
583 2702 724 2782 quidem,
737 2697 850 2780 inquit,
861 2699 988 2772 Crasse,
999 2701 1055 2781 qui

34 2786 61 2847 in
75 2785 275 2849 civitatibus
297 2787 364 2846 suis
386 2785 467 2847 clari
484 2795 517 2846 et
538 2788 652 2864 magni
674 2784 817 2858 fuerunt,
832 2786 928 2846 sicuti
950 2793 987 2847 tu
1010 2805 1055 2858 ee,

34 2890 153 2952 nosque
169 2889 284 2932 omnes
305 2871 339 2930 in
355 2869 465 2931 nostra
478 2889 513 2932 re
533 2869 664 2952 publica
678 2869 829 2931 volumus
844 2889 925 2943 esse,
939 2868 1055 2931 horum

34 2954 233 3025 Graecorum,
248 2955 304 3032 qui
319 2973 354 3015 se
370 2954 538 3016 inculcant
554 2953 690 3016 auribus
704 2955 832 3027 nostris
847 2955 970 3016 similes
985 2954 1054 3017 fue·

33 3050 126 3102 runt:
149 3059 216 3100 nec
238 3045 352 3099 tamen
375 3040 408 3100 in
425 3040 490 3100 otio
513 3052 678 3101 sermones
700 3038 896 3119 hujusmodi,
910 3039 1055 3119 disputa·

33 3123 214 3203 tionesque,
228 3120 410 3199 fugiebant.
454 3123 504 3184 Ac
520 3124 548 3184 si
569 3123 629 3184 tibi
644 3123 806 3195 videntur,
820 3125 875 3202 qui
890 3125 1055 3203 temporis,

33 3210 84 3286 qui
99 3208 177 3279 loci,
189 3207 246 3286 qui
261 3205 430 3268 hominum
444 3208 607 3269 rationem
621 3227 687 3269 non
701 3206 836 3278 habent,
847 3207 959 3285 inepti,
970 3207 1056 3267 sieut

34 3291 152 3354 debent
167 3290 293 3360 videri;
315 3310 396 3353 num
416 3290 551 3353 tandem
567 3290 626 3354 aut
648 3292 740 3352 locus
764 3289 897 3349 hicnon
918 3287 1055 3349 idoneus

34 3377 232 3447 videtur,·²in
253 3394 317 3454 quo
339 3376 483 3455 porticus
508 3374 579 3437 haec
603 3377 684 3456 ipsa,
706 3370 1001 3440 ubiambulamus,
1021 3378 1068 3432 et'

34 3462 198 3538 palaestra,
214 3465 248 3520 et
263 3467 311 3520 tot
334 3460 414 3521 locis
429 3460 598 3532 sessiones,
613 3458 858 3540 gymnasiorum
876 3463 909 3516 et
924 3453 1055 3537 Graeca·

35 3561 102 3607 rum
133 3540 396 3624 disputationum
424 3546 617 3605 memoriam
647 3540 885 3622 quodammodo
915 3557 1055 3601 commo-

36 3626 133 3691 venti
165 3636 225 3689 aut
247 3629 472 3708 importunum
493 3637 623 3709 tempus
648 3627 681 3688 in
703 3635 797 3689 tanto
819 3627 895 3698 otio,
910 3621 996 3704 quod
1021 3631 1056 3686 et

36 3713 106 3775 raro
120 3712 230 3785 datur,
245 3721 279 3773 et
293 3732 380 3773 nunc
402 3712 577 3793 peroptato
590 3708 683 3772 nobis
698 3710 812 3773 datum
827 3706 899 3771 estl
926 3706 1055 3771 autho·

37 3799 138 3860 mines
152 3795 197 3858 ab
219 3794 281 3858 hoc
305 3815 427 3875 genere
449 3795 677 3875 disputationis
695 3795 805 3868 alieni,
820 3795 876 3876 qui
898 3811 1011 3856 omnes
1031 3792 1056 3857 ii
