2444 4276
103 341 169 401 224
488 360 696 404 som-nm.
719 362 739 403 n

103 520 131 554 se
142 502 285 570 intelligitur
293 504 319 554 in
329 503 359 554 iis
366 506 407 568 qui
416 506 547 555 mediocria
558 507 651 556 hahent
662 508 727 557 dona
735 514 846 571 natura3
862 510 907 558 sed
918 509 1014 560 mtiona
1021 527 1042 560 s.
1051 512 1128 563 modo
1213 504 1214 591 ᾗ

103 596 129 638 et
140 589 242 646 ratione,
255 596 282 638 at
293 590 381 638 Cicero
392 592 472 640 dicere
483 593 544 641 solet
555 592 587 639 ad
598 594 678 656 legem
690 600 793 641 certam.

139 673 210 722 Unus
224 673 420 738 paterfamilias]
455 675 526 724 Idem
542 677 610 724 valet
627 692 694 725 unus
712 676 900 740 paterfamilias
915 681 981 742 quod
998 681 1025 728 in
1041 697 1065 729 e.
1082 681 1128 740 34,

103 773 270 822 quemcunque
278 759 490 823 patremfamilias
500 762 674 824 arripuissem
683 777 713 810 ex
726 761 807 825 aliquo
819 761 918 811 circulo.
952 764 1008 812 Vid.
1020 763 1127 814 Ernesti

103 841 174 891 Clas.
211 843 282 892 Unus
292 845 349 892 here
365 845 411 892 has
422 845 464 893 the
476 859 545 892 same
563 845 773 909 meaningaathe
791 845 897 911 English
909 848 993 897 article
1005 865 1029 897 a.
1066 848 1128 899 Itis

102 928 161 975 used
174 927 206 992 hy
217 926 306 976 Cicero
316 928 343 977 in
355 945 371 976 a
382 929 475 977 similar
486 944 589 977 manner
600 929 627 977 iu
638 931 708 978 other
719 931 809 993 places

136 1011 192 1060 Ista
205 1020 250 1060 tua
260 1011 387 1074 mediocri]
421 1012 517 1061 Ironice
530 1015 632 1062 dictum.
689 1028 695 1040 ·

136 1096 253 1145 Sectdi).
277 1096 437 1158 Insidiando]
471 1096 642 1147 Omniaclam
653 1098 780 1147 tentando.

136 1181 189 1231 Nee
200 1181 351 1245 speculando
362 1183 462 1247 assequi
469 1181 553 1247 potui]
586 1182 679 1231 Aditus
695 1198 782 1232 omnes
792 1184 880 1246 quibus
891 1183 916 1234 id
933 1186 1052 1250 consequi
1067 1202 1125 1250 pos·

101 1281 154 1314 sem
166 1267 317 1330 vestigando.

135 1350 263 1414 Scriptare
275 1358 299 1399 et
311 1349 523 1415 lectareDiplila]
557 1349 612 1398 The
625 1348 838 1400 Romanscholars
849 1367 914 1401 were
926 1354 1126 1403 accustomedto
1215 1400 1216 1409 ,

101 1437 199 1500 employ
209 1437 290 1485 slaves
302 1451 331 1484 as
343 1450 507 1484 amanuenses
519 1435 568 1485 and
579 1435 685 1483 readers
718 1433 832 1498 Diphilus
843 1451 925 1486 seems
936 1443 963 1485 to
974 1438 1041 1488 have
1052 1438 1127 1489 stood

101 1517 128 1568 iu
139 1519 189 1568 this
200 1519 302 1568 relation
313 1525 339 1568 to
350 1519 463 1568 Crassus.

135 1604 201 1652 Sect
209 1604 250 1652 ³1.
272 1603 414 1665 Gonuarie]
451 1603 474 1652 0
529 1603 582 1651 arie
593 1602 720 1664 scriptum,
729 1609 774 1661 est,
783 1602 810 1652 in
821 1618 868 1665 quo
879 1603 1045 1668 repugnantia
1057 1611 1126 1656 sunt.

136 1687 270 1752 certosque
279 1702 330 1737 esee
340 1687 413 1748 hess]
425 1609 557 1835 ὢν]
566 1688 645 1751 topice
653 1685 683 1748 os
690 1686 826 1745 discourse,
833 1703 933 1737 sources
940 1688 971 1751 os
979 1697 1127 1753 argument,

102 1771 309 1836 commnplaees.

135 1856 169 1905 In
180 1859 287 1921 quiaque
300 1856 398 1922 partes]
433 1855 489 1906 The
499 1856 548 1906 live
564 1863 631 1920 parts
641 1859 669 1907 of
682 1863 780 1923 oratory
790 1858 849 1907 here
864 1856 1008 1906 mendoned
1024 1873 1067 1907 are
1083 1860 1126 1907 in·

102 1943 208 1999 sentiar,
217 1949 401 2005 amangement,
410 1940 612 1998 emlellislrment,
621 1942 814 2005 committingto
821 1957 936 2005 mentory,
943 1942 993 1991 and
1004 1941 1126 2007 delinery.

135 2026 214 2075 Irritio
226 2026 389 2089 eonmliando]
423 2026 479 2074 The
491 2032 558 2089 perta
567 2028 596 2075 oi
605 2043 621 2075 a
632 2025 757 2075 discoume
769 2041 810 2074 aro
822 2026 863 2075 tle
874 2024 1052 2085 introduction,
1064 2042 1126 2076 aar.

102 2112 192 2166 ration,
205 2107 383 2171 confirmation,
395 2108 541 2171 refutation,
553 2112 603 2159 and
615 2109 765 2159 conclusion.
843 2098 848 2105 ’

135 2194 200 2242 Soet.
211 2193 251 2241 32.
276 2193 358 2258 Atque
370 2194 398 2242 id
410 2193 501 2258 egisse]
536 2193 633 2243 Emoati
644 2209 761 2256 supposes
772 2194 842 2242 these
849 2193 930 2242 words
941 2193 1125 2257 tobecortnpt,

102 2278 150 2325 end
168 2279 222 2326 that
234 2278 320 2327 Cicero
331 2286 400 2327 must
416 2278 480 2327 have
492 2278 598 2337 written,
611 2277 645 2327 ad
656 2286 782 2343 artemque
793 2276 928 2341 redegisse,
940 2277 1025 2328 which
1038 2279 1126 2327 clause

102 2377 186 2426 agrees
197 2362 276 2410 better
286 2360 347 2411 with
359 2363 401 2410 the
413 2368 521 2411 context

136 2447 252 2510 Quinque
265 2446 303 2508 ea]
339 2445 437 2496 Ernesti
454 2462 572 2511 supposes
581 2448 639 2496 that
654 2444 835 2510 ingrediuntur
843 2459 905 2509 may
915 2445 945 2495 be
961 2445 1021 2494 here
1032 2445 1125 2497 under·

101 2531 179 2580 stood.

134 2617 199 2664 Soet
211 2614 250 2663 3³.
275 2615 419 2680 Scriptura]
452 2615 635 2665 commentatio
647 2611 755 2664 oratoris

519 2765 580 2813 Cer.
597 2762 701 2812 33-34.

138 2877 222 2926 Tertio
230 2878 330 2925 demum
341 2878 391 2926 laco
400 2877 434 2926 ad
445 2878 552 2926 oratoria
557 2875 735 2940 perfectionem
743 2873 922 2939 assequendam
930 2877 1125 2928 exercitationes

102 2941 223 3007 quasdam
233 2943 328 3003 requiri
335 2957 345 2997 ,·
362 2941 485 3005 inquibus
500 2941 561 3004 ipsis
579 2942 639 2990 utile
652 2942 684 2989 sit
700 2941 780 2990 subito
792 2956 857 3003 saepe
869 2946 894 2988 et
911 2948 994 2989 sumto
1006 2941 1039 2989 ad
1056 2943 1124 3007 cogi.

101 3009 206 3057 tandum
219 3006 299 3068 spatio
311 3007 420 3068 paratius
433 3006 522 3063 dicere,
534 3023 608 3069 quam
621 3006 753 3068 plurimum
764 3005 868 3053 scrihere
880 3012 953 3069 atque
965 3021 1123 3055 summorum

101 3080 224 3121 oratorum
237 3072 379 3120 Graecorum
390 3073 511 3123 orationes
521 3073 610 3135 legere,
623 3072 752 3133 explIcare,
765 3069 853 3119 Latine
865 3071 964 3119 reddere
977 3076 1003 3118 et
1023 3072 1123 3120 imitan.

102 3140 133 3187 do
144 3138 284 3201 exprimere.
318 3136 368 3186 Sed
379 3153 429 3186 non
440 3139 519 3186 solum
532 3143 647 3192 oratores,
660 3137 705 3184 sed
713 3135 789 3184 etiam
801 3142 897 3183 actores
908 3151 964 3183 esse
974 3134 1124 3198 intuendos3

102 3203 246 3252 memoriam
263 3203 403 3251 ediscendis
421 3211 446 3251 et
464 3201 552 3250 nostris
571 3202 667 3263 scriptis
683 3207 708 3249 et
726 3200 813 3248 alienis
829 3201 984 3263 aagendam
1004 3200 1124 3263 legendos

102 3268 177 3316 etiam
190 3271 293 3331 poitas3
310 3269 507 3331 cognoscendam
520 3266 657 3323 historiam,
666 3264 841 3329 philosophiam
854 3271 928 3339 atquc
939 3264 1061 3326 imprimis
1071 3265 1123 3314 dia·

102 3334 231 3391 lecticum3
248 3333 436 3394 perdiscendum
444 3335 486 3397 jus
499 3331 571 3382 civile
584 3348 634 3380 una
646 3345 704 3379 cum
714 3330 817 3393 legibus,
827 3345 894 3377 omui
906 3329 1054 3391 antiquitate
1066 3330 1123 3378 loti.

102 3413 177 3460 usque
190 3397 327 3459 reipublice
339 3405 413 3447 statu.
448 3398 559 3459 Denique
570 3397 697 3445 libandam
708 3394 785 3443 etiam
797 3410 851 3442 esse
862 3395 971 3442 exomni
982 3410 1073 3457 genera
1083 3411 1123 3444 ur.

103 3462 218 3509 benitatis
235 3462 380 3511 facetiarum
397 3464 521 3525 quendam
537 3463 651 3524 leporem,
667 3476 715 3523 quo
737 3467 857 3522 tanquam
874 3458 927 3507 sale
947 3466 1124 3523 perspergatur

102 3526 182 3574 omnis
194 3524 277 3573 oratio.

137 3639 305 3703 Scriptitarit]
341 3639 500 3702 Scriptitare,
513 3642 618 3689 multum
631 3637 800 3688 commentari.

138 3722 202 3769 Cum
213 3724 319 3784 remiges
328 3722 498 3784 inhibuerunt]
532 3723 657 3780 Iniidere,
666 3739 694 3771 as
707 3739 722 3770 a
733 3723 844 3771 nautical
856 3729 928 3780 term,
937 3736 1025 3771 means
1035 3728 1060 3769 to
1072 3737 1123 3770 rore

104 3801 258 3873 haelewards,
270 3820 298 3851 aa
309 3804 436 3866 explained
448 3805 480 3869 hy
492 3807 578 3855 Cicero
589 3807 692 3855 himself
699 3808 725 3854 in
737 3822 753 3854 a
764 3809 836 3855 letter
846 3813 872 3855 to
884 3805 993 3855 Atticus
1018 3804 1074 3854 Lib.
1083 3804 1124 3855 13.
