2444 4276
128 360 188 420 lsc
398 376 437 417 ns
458 375 600 417 osnrorr
621 376 710 417 niara
730 376 867 419 marrus

125 523 309 591 ornandum
330 532 498 605 praecepta
516 542 590 602 quae
607 523 738 596 dantur,
752 524 912 601 ejusmodi
935 532 1022 596 sunt,
1037 533 1074 586 ut
1097 546 1151 590 ea.

125 611 277 691 quamvis
299 609 527 673 vitiosissimus
542 616 660 678 orator,
675 609 841 687 explicare
863 611 974 689 possit.
1020 608 1150 684 Quare,

124 703 162 758 ut
177 694 254 756 ante
266 694 343 767 dixi,
354 694 495 774 primum
506 694 596 767 silva,
604 712 712 754 rerum
725 688 781 772 [ac
792 693 1048 777 sententiarum]
1061 714 1149 755 com·

124 778 275 863 paranda
289 787 348 851 est,
358 777 422 858 qud
437 776 477 838 de
492 786 585 857 parte
597 772 678 838 dixit
690 777 869 839 Antonius:
891 770 961 838 haec
972 777 1150 840 formanda

11 916 13 919 .
41 878 59 909 o
79 864 87 891 '
124 866 182 928 filo
196 866 267 945 ipso
283 870 316 924 et
331 882 451 941 genere
466 862 632 934 orationis,
647 862 865 924 illuminanda
879 861 999 935 verbiS,
1014 865 1149 927 varian-

124 950 169 1012 da
183 947 362 1010 sententiis.

167 1033 306 1096 Summa
330 1040 442 1092 autem
465 1030 540 1092 laus
563 1031 757 1109 eloquentiae
780 1038 839 1101 est,
854 1030 1059 1111 amplificare
1075 1052 1148 1095 rem
1208 1056 1209 1059 ¹

125 1116 288 1188 ornand03
311 1114 396 1194 quod
411 1115 501 1176 valet
516 1134 580 1176 non
596 1114 701 1176 soliun
712 1114 756 1175 ad
770 1114 960 1193 augendum
971 1116 1097 1195 aliquid
1112 1126 1149 1179 et

124 1201 305 1264 tollendum
329 1199 437 1271 altius,
455 1199 602 1271 dicendo,
624 1199 807 1262 sedetiam
830 1198 874 1261 ad
897 1200 1149 1263 extenuandum

126 1296 225 1365 atque
241 1282 472 1363 abjiciendum.

168 1368 299 1433 XXVII.
323 1367 358 1429 ld
382 1367 586 1430 desideratur
600 1367 750 1429 omnibus
774 1368 814 1429 iis
837 1369 871 1428 in
893 1367 983 1438 locis,
998 1388 1079 1448 quos
1102 1368 1148 1431 ad

125 1454 225 1517 fidem
246 1453 404 1516 orationis
424 1451 613 1515 faciendam
635 1451 783 1513 adhiberi
805 1450 887 1535 dixit
903 1452 1076 1526 Antonius,
1090 1454 1148 1517 vel

126 1541 202 1601 oiim
216 1538 434 1619 explanamus
448 1536 581 1617 aliquid,
596 1537 650 1597 vel
674 1536 750 1598 crim
769 1537 984 1598 conciliamus
1007 1539 1148 1612 animos,

125 1625 179 1685 vel
196 1625 271 1685 cirm
286 1623 499 1685 concitamus.
544 1620 609 1683 Sed
624 1623 659 1682 in
675 1620 746 1691 hoc,
757 1621 842 1700 quod
856 1622 1057 1702 postremum
1068 1622 1148 1697 dixi,

126 1706 341 1788 amplificatio
362 1714 470 1787 potest
492 1706 677 1787 plurimum,
692 1725 798 1784 eaque
820 1725 888 1766 una
910 1705 984 1766 laus
1005 1709 1148 1770 oratoris
1209 1742 1210 1761 ι

126 1801 176 1853 est
191 1801 224 1853 et
247 1792 378 1872 propria
391 1789 544 1852 maxime.
588 1790 701 1852 Etiam
723 1792 829 1868 major
844 1799 894 1851 est
912 1790 971 1850 illa
986 1793 1147 1853 exercita·

126 1877 182 1949 tio,
202 1895 303 1957 quam
325 1884 471 1937 extremo
496 1893 645 1936 sermone
667 1875 818 1936 instruxit
841 1874 1003 1935 Antonius
1027 1877 1148 1955 (primo

127 1961 309 2040 rejiciebat)
327 1958 484 2022 laudandi
506 1969 539 2020 et
554 1958 771 2039 vituperandi.
816 1956 907 2020 Nihil
925 1969 977 2020 est
997 1961 1088 2021 enim
1103 1960 1147 2022 ad

127 2043 396 2123 exaggerandam
411 2054 444 2106 et
467 2043 735 2124 amplificandam
757 2044 939 2105 orationem
961 2062 1147 2106 accommo-

127 2129 244 2196 datius.
270 2128 368 2209 quim
396 2138 570 2207 utrumque
599 2126 716 2188 horum
745 2128 1003 2191 cumulatissime
1033 2128 1147 2192 facere

126 2232 230 2293 posse.
274 2212 522 2292 Consequentur
547 2214 650 2273 etiam
679 2213 726 2273 illi
755 2212 827 2283 loci,
853 2212 918 2291 qui,
943 2231 1150 2292 quamquam
1210 2262 1211 2267 η

126 2298 247 2378 proprii
270 2315 455 2367 causarum,
470 2305 503 2357 et
527 2295 722 2357 inhaerentes
744 2298 779 2357 in
801 2316 916 2357 earum
938 2299 1050 2357 nervis
1072 2318 1147 2359 esse

127 2381 256 2454 debent,
271 2391 393 2453 tamen,
407 2383 486 2459 quia
501 2381 541 2443 de
556 2381 707 2442 universa
723 2400 758 2441 re
774 2382 910 2442 tractari
928 2381 1043 2454 solent,
1058 2402 1147 2445 com·

127 2484 242 2527 munes
257 2486 279 2527 a
292 2464 460 2528 veteribus
481 2467 641 2527 nominati
663 2476 757 2536 sunt3
783 2484 921 2544 qnorum
943 2467 1066 2546 partim
1088 2465 1147 2528 ha-

126 2549 206 2614 bent
220 2552 374 2613 vitiorum
389 2559 423 2612 et
445 2559 657 2630 peccatorum
672 2569 782 2611 acrem
798 2549 963 2627 quandam
979 2570 1055 2612 cum
1076 2571 1147 2612 am·

126 2635 327 2717 pliflcatione
354 2636 601 2705 incusationem,
624 2645 683 2696 aut
705 2633 884 2714 querelam,
906 2644 1148 2714 contraquam

127 2720 191 2780 dici
207 2719 287 2781 nihil
309 2721 401 2791 solet,
416 2739 477 2780 nec
494 2727 609 2800 potest,
625 2728 661 2780 ut
683 2720 716 2778 in
732 2718 1008 2798 depeculatorem,
1023 2720 1057 2780 in
1073 2738 1147 2799 pro·

126 2804 274 2875 ditorem,
288 2805 323 2865 in
338 2802 537 2885 parricidam
551 2825 558 2875 ;
581 2803 698 2882 quibus
712 2804 771 2874 uti,
786 2802 987 2863 confirmatis
1003 2804 1147 2865 crimini·

127 2887 198 2957 buS,
213 2896 359 2966 oportet3
382 2888 479 2949 aliter
493 2888 581 2948 enim
591 2888 699 2966 jejuni
713 2894 799 2957 sunt,
814 2895 912 2965 atque
928 2888 1063 2948 inanes:
1088 2890 1148 2950 alii

127 2979 240 3031 autem
264 2970 389 3059 habent
414 2971 689 3051 deprecationem,
711 2981 770 3033 aut
795 2972 1059 3043 miserationem
1088 2973 1147 3034 alii

126 3054 205 3116 verb
221 3056 383 3135 ancipites
405 3053 650 3136 disputationes
666 3053 832 3135 inquibus
854 3055 894 3115 de
916 3056 1070 3117 universo
1090 3077 1147 3135 ge-

126 3159 204 3201 nere
220 3139 254 3200 in
268 3149 442 3219 utramque
464 3147 593 3220 partem
609 3130 723 3201 disseri
738 3139 868 3221 copiose
884 3139 978 3201 licet:
1001 3159 1074 3220 quse
1090 3161 1147 3202 ex·

126 3225 278 3287 ercitatio
293 3245 380 3286 nunc
402 3225 535 3307 propria
549 3223 688 3286 duarum
709 3222 998 3306 philosophiarum,
1012 3223 1053 3287 de
1076 3227 1147 3305 qui-

126 3307 189 3370 bus
210 3309 287 3371 ante
310 3309 386 3380 dixi,
409 3317 566 3391 putatur;
596 3308 684 3390 apud
710 3310 862 3387 antiquos
884 3318 956 3370 erat
977 3328 1102 3382 eorum,
1125 3330 1148 3371 a

127 3391 244 3472 quibus
259 3397 363 3455 omnis
378 3394 419 3455 de
434 3393 532 3457 rebus
550 3392 733 3454 forensibus
748 3391 878 3454 dicendi
900 3394 1032 3455 ratioet
1048 3396 1148 3475 copia

126 3476 310 3558 petebatur.
356 3476 406 3540 De
421 3480 544 3540 virtute
560 3478 656 3548 enim,
672 3477 712 3539 de
731 3475 847 3549 officio,
862 3476 902 3537 de
925 3496 1018 3558 aequo
1034 3488 1067 3539 et
1091 3478 1147 3540 bo-

127 3580 179 3632 no,
202 3561 242 3622 dc
267 3560 436 3637 dignitate,
460 3563 613 3631 utilitate,
636 3561 766 3632 honore,
788 3563 975 3640 ignominie,
1000 3564 1148 3643 praemio,

127 3644 233 3722 poend,
243 3644 467 3724 similibusque
482 3645 523 3706 de
538 3644 645 3715 rebus,
656 3646 691 3705 in
702 3654 876 3725 utramque
892 3656 1021 3725 partem
1036 3645 1147 3709 dicen·

91 3734 102 3755 ⁸
127 3726 160 3786 di
175 3728 311 3797 animos,
326 3736 359 3788 et
376 3729 451 3799 vim,
463 3738 496 3790 et
511 3736 617 3790 artem
631 3728 754 3791 habere
769 3729 936 3791 debemus.
981 3709 1058 3802 sed,
1068 3751 1145 3811 quo·
1161 3788 1165 3795 .

127 3809 228 3878 niam,
242 3809 282 3870 de
297 3810 407 3871 nostri
427 3813 630 3891 possessione
645 3812 783 3892 depulsi,
798 3815 832 3876 in
853 3833 957 3894 parvo
972 3823 1005 3877 et
1020 3835 1061 3877 eo
1083 3817 1147 3879 liti·
