2434 4286
176 210 196 239 ο,

153 357 198 431 aa
415 371 456 415 n}
476 369 618 415 omrem
637 369 727 413 uuna
746 370 909 415 susurrus·

153 520 282 593 enituit,
296 516 382 600 quod
403 518 465 581 tibi
487 537 600 581 omnes
614 516 706 590 dant,
719 537 860 585 acumen
875 515 1040 598 quoddam
1059 520 1188 600 singu·

154 609 245 678 lare;
271 603 329 666 sed
350 603 421 667 haec
443 605 526 684 ipsa,
540 622 614 683 quae
635 623 723 665 nune
738 602 781 664 ad
804 623 857 666 me
879 603 1034 683 delegare
1049 607 1113 677 vis,
1139 627 1190 671 ea

154 711 225 753 sem
268 709 283 749 r
296 691 333 753 in
346 697 379 750 te
395 689 517 749 eximia
532 696 565 749 et
579 689 772 768 praestantia
786 687 929 749 luerunt.

181 710 315 839 XXIX
338 772 425 834 Tum
446 772 593 843 Catulus,
614 771 688 850 Ego
703 771 791 843 vero,
813 773 927 852 inquit,
949 774 983 857 in
999 772 1093 835 vobis
1113 773 1190 838 hoe

155 858 298 923 maxime
314 857 469 919 admirari
491 857 590 929 soleo,
603 855 697 936 quod,
713 857 788 917 oum
810 859 969 918 intervos
989 857 1192 923 indicendo

156 943 364 1005 dissimillimi
378 942 457 1014 sitis,
472 942 521 1003 ita
540 951 653 1003 tamen
668 949 804 1020 uterque
819 943 964 1005 vestrum
979 941 1077 1015 dicat,
1093 952 1136 1005 ut
1155 946 1191 1007 ei

156 1027 238 1091 nihil
261 1048 366 1108 neque
382 1047 405 1089 a
418 1026 536 1087 natura
555 1025 766 1104 denegatum,
784 1046 889 1105 neque
905 1046 927 1086 a
942 1025 1090 1088 doctrina
1112 1048 1191 1091 non

157 1111 303 1175 delatum
330 1132 402 1173 esse
430 1110 589 1172 rideatur.
633 1109 758 1185 Quare,
780 1109 907 1182 Crasse,
929 1130 1034 1190 neque
1058 1120 1097 1173 tu
1123 1114 1195 1175 tua

157 1199 323 1259 suavitate
339 1216 397 1259 nos
420 1195 575 1277 privabis
590 1204 636 1266 ut,
652 1196 679 1256 si
698 1194 777 1274 quid
797 1194 843 1256 ab
857 1195 1001 1256 Antonio
1015 1205 1073 1256 aut
1096 1217 1191 1277 prae·

157 1283 344 1343 termissurn
360 1290 419 1342 aut
440 1280 593 1342 relictum
608 1280 662 1350 sit,
674 1288 739 1340 non
754 1281 917 1361 explices:
939 1299 1045 1358 neque
1056 1289 1101 1353 te,
1113 1282 1191 1343 An·

157 1367 236 1437 toni,
251 1367 279 1427 si
294 1365 372 1445 quid
387 1385 452 1426 non
467 1364 595 1435 dixeris
611 1365 873 1427 existimabimus
884 1384 950 1425 non
963 1365 1109 1444 potuisse
1127 1386 1192 1447 po·

157 1452 232 1523 tius,
246 1451 345 1530 quam
365 1471 386 1510 a
408 1448 526 1510 Crasso
540 1449 605 1510 dici
627 1448 793 1510 maluisse.
838 1446 1064 1521 HieCrassus,
1088 1449 1194 1525 Quin

158 1545 205 1608 tu,
231 1527 344 1615 inquit,
370 1535 503 1604 Antoni,
528 1534 650 1595 omittis
675 1533 748 1605 ista,
774 1552 846 1613 quae
875 1534 1080 1614 proposuisti,
1107 1555 1193 1614 quae

158 1640 256 1681 nemo
269 1619 385 1683 horum
399 1617 581 1689 desiderem
604 1618 722 1696 quibus
735 1638 777 1681 ex
792 1617 872 1679 locis
886 1637 935 1689 ea,
950 1637 1023 1696 qnae
1038 1613 1195 1683 dicenda

159 1705 224 1766 sint
246 1705 280 1764 in
296 1704 413 1776 causis,
427 1703 654 1782 reperiantur;
676 1721 749 1780 quae
764 1721 954 1782 quanquam
970 1702 1077 1765 abste
1094 1723 1194 1766 novo

159 1788 301 1868 quodam
316 1787 420 1860 modo,
442 1785 663 1867 praeclare‘que
679 1787 840 1859 dicuntur,
855 1795 931 1848 sunt
952 1782 1066 1848 tamen
1088 1797 1124 1849 et
1151 1810 1194 1852 re

159 1871 320 1941 faciliora,
335 1883 369 1933 et
390 1872 562 1953 praeceptis
584 1869 791 1950 pervagata?
823 1872 891 1944 illa,
906 1870 1059 1952 deprome
1075 1872 1196 1946 nobis,

159 1957 246 2020 unde
271 1956 402 2030 afferas
424 1952 497 2035 quae
522 1955 699 2036 saepissime
723 1964 859 2028 tractas,
880 1974 1072 2035 semperque
1101 1955 1194 2020 divi-

159 2043 256 2102 uitiis.

203 2124 404 2206 Depromam
418 2124 578 2204 equidem,
593 2125 697 2204 inquit
712 2125 893 2197 Antonius3
915 2133 958 2196 et,
970 2123 1033 2205 qud
1046 2123 1197 2192 facilius

159 2208 193 2271 id
208 2230 230 2270 a
245 2220 278 2271 te
293 2211 424 2286 exigam
439 2208 525 2288 qnod
546 2217 632 2290 peto,
647 2209 727 2270 nihil
748 2211 809 2272 tibi
824 2229 846 2270 a
859 2230 913 2273 me
929 2209 1111 2290 postulanti
1136 2231 1195 2275 re-

161 2293 294 2355 cusabo.
338 2291 426 2359 Meae
437 2295 538 2356 totius
548 2296 713 2366 orationis
726 2306 759 2357 et
773 2296 867 2356 istius
882 2295 983 2374 ipsius
998 2295 1031 2354 in
1042 2294 1196 2360 dicendo

160 2376 339 2450 facultatis
355 2397 455 2456 quam
476 2378 572 2440 modo
586 2377 724 2440 Crassus
744 2382 779 2440 in
794 2379 914 2440 coelum
930 2379 1038 2440 verbis
1053 2382 1196 2455 extulit,

160 2470 227 2524 tres
242 2471 317 2523 sunt
332 2464 485 2535 rationes
501 2464 625 2524 utente
640 2465 726 2535 ‹lixi3
749 2483 817 2525 una
831 2462 1113 2535 conciliandorum
1129 2464 1195 2528 ho·

160 2548 297 2617 minum,
312 2547 419 2609 altera
432 2545 660 2621 docendorum,
674 2551 773 2610 tertia
786 2547 1065 2609 concitandorum.
1114 2549 1196 2612 Ha-

161 2651 234 2693 rum
253 2633 352 2694 trium
374 2633 518 2712 partium
540 2633 647 2711 prima
668 2633 838 2694 lenitatem
855 2633 1020 2703 orationis
1034 2634 1198 2696 secunda

161 2717 426 2788 acumemtertia
447 2718 514 2776 vim
530 2715 711 2777 desiderat:
734 2736 812 2778 nam
834 2714 895 2776 hoc
911 2735 1044 2777 necesse
1068 2726 1133 2788 est,
1152 2729 1198 2782 ut

161 2801 199 2871 is,
214 2802 270 2879 qui
292 2800 386 2862 nobis
401 2819 539 2863 causam
560 2799 806 2879 adjudicaturus
821 2801 872 2872 sit,
887 2809 946 2861 aut
967 2800 1198 2866 inclinatione

161 2884 342 2946 voluntatis
355 2884 559 2966 propendeat
573 2886 606 2946 in
618 2904 685 2957 nos,
697 2895 756 2946 aut
767 2882 970 2959 defensionis·
977 2890 1199 2962 argumentis

162 2968 354 3040 adducatur,
364 2980 423 3029 aut
434 2970 536 3031 animi
548 2970 749 3050 permotione
759 2979 905 3047 cogatur.
940 2967 1015 3041 Sed,
1024 2971 1199 3047 quoniam

161 3052 220 3114 illa
236 3072 322 3133 pars
337 3055 371 3115 in
386 3054 449 3132 qui
470 3074 579 3115 rerum
603 3056 749 3134 ipsarum
771 3054 948 3134 explicatio
971 3073 1011 3114 ac
1034 3051 1199 3120 defensio

161 3139 269 3218 posita
285 3149 343 3210 est,
355 3137 484 3200 videtur
496 3158 626 3201 omnem
637 3136 735 3218 hujus
749 3139 880 3216 generis
890 3140 985 3217 quasi
996 3137 1199 3207 doctrinam

162 3224 339 3296 continere,
354 3222 394 3284 de
417 3224 456 3284 ei
479 3224 619 3303 primunr
642 3222 819 3302 loquemur,
835 3232 868 3284 et
892 3242 1002 3304 pauca
1023 3221 1197 3290 dicemus.

162 3306 276 3371 Pauca
289 3310 379 3370 enim
394 3316 477 3379 sunt,
492 3327 565 3387 quea
580 3327 643 3370 usu
652 3309 725 3386 jam
740 3315 894 3379 tractata,
908 3318 943 3369 et
959 3307 1069 3369 anirno
1083 3313 1198 3387 quasi

161 3402 277 3454 notata
291 3393 414 3456 habere
432 3392 610 3463 videamur.

203 3475 307 3540 XXX.
332 3478 380 3538 Ao
395 3475 456 3538 tibi
478 3479 643 3557 sapienter
665 3477 820 3549 monenti,
842 3474 879 3539 L.
895 3474 1023 3546 Crasse,
1040 3473 1200 3546 libenter

162 3563 389 3634 assentiemur,
404 3570 441 3622 ut
455 3562 660 3639 singularum
676 3580 852 3627 causarum
867 3559 1082 3632 defensiones
1097 3580 1200 3640 quas

162 3646 268 3708 solent
282 3644 430 3723 magistri
447 3646 557 3727 pueris
572 3646 711 3717 tradere,
726 3646 969 3724 relinquamus3
991 3645 1200 3725 aperiamus

162 3738 276 3790 autem
291 3751 334 3791 ea
348 3730 468 3810 capita,
484 3729 569 3792 unde
593 3732 697 3792 omnis
712 3730 756 3792 ad
777 3749 908 3792 omnem
932 3738 965 3791 et
988 3748 1132 3791 causam
1158 3744 1201 3798 et

161 3815 344 3877 orationem
359 3813 536 3898 disputatio
547 3814 685 3879 ducitur.
729 3814 848 3895 Neque
861 3816 959 3889 enim,
970 3814 1098 3895 quoties
1109 3835 1201 3884 ver-
