2452 4290
130 354 173 412 86
351 356 372 373 ’
410 372 450 412 nn
470 370 725 414 carbonarium
746 372 867 414 narnus.

129 520 408 599 interpretatione,
422 519 457 581 in
478 539 544 599 quo
558 529 616 581 aut
638 520 793 598 ambigue
815 521 893 599 quid
915 521 958 582 sit
980 521 1152 601 scripturn,

129 613 189 665 aut
204 603 375 674 contrarie,
390 612 449 664 aut
464 605 513 665 ita
526 612 564 664 ut
580 624 602 665 a
616 604 780 665 sententia
797 606 957 685 scriptum
971 604 1130 667 dissideat
1142 628 1152 677 3

129 687 180 750 his
195 697 308 749 autem
323 687 475 749 omnibus
495 688 647 768 partibus
669 687 821 765 subJecta
842 688 994 766 quaedam
1009 709 1081 750 esse
1098 710 1150 750 ar-

130 781 289 850 gumenta
309 773 451 852 propria.
496 770 562 832 Sed
577 791 764 843 causarum,
779 791 852 851 quae
867 773 932 833 sint
947 794 970 833 a
984 775 1152 834 communi

129 858 307 936 quaestione
323 857 491 934 sejunctae,
502 856 624 935 partim
639 857 673 917 in
683 856 818 933 judiciis
832 857 970 927 versari,
979 859 1101 937 partim
1116 858 1152 918 in
1215 922 1216 925 Ἴ

130 939 438 1002 deliberationibus:
461 959 532 1000 esse
544 940 647 1001 etiam
658 959 763 1017 genus
777 941 920 1012 tertium,
931 940 1017 1020 quod
1032 943 1066 1001 in
1077 941 1150 1002 lau-

130 1024 246 1085 dandis
257 1034 316 1086 aut
328 1023 554 1104 vituperandis
565 1022 749 1086 hominibus
761 1035 955 1105 poneretur:
978 1033 1150 1103 certosque

130 1128 201 1170 esse
217 1109 316 1180 lucca,
330 1107 448 1188 quibus
463 1109 496 1169 in
515 1108 648 1184 judiciis
667 1119 845 1180 uteremur,
867 1109 902 1170 in
916 1108 1035 1189 quibus
1049 1111 1151 1188 aqui·

128 1200 183 1253 tas
197 1202 415 1271 quaereretur:
439 1194 522 1253 alios
543 1193 578 1254 in
593 1192 892 1265 deliberationibus,
906 1194 961 1272 qui
977 1213 1090 1255 omues
1106 1193 1151 1255 ad

130 1277 308 1339 utilitatem
331 1276 549 1355 dirigerentur
572 1297 695 1350 eorum,
719 1277 838 1357 quibus
862 1278 1033 1339 consilium
1056 1278 1150 1339 dare·

128 1379 224 1433 mus3
247 1363 329 1423 alios
344 1362 425 1422 item
440 1362 474 1422 in
490 1362 743 1434 laudationibus,
755 1364 789 1424 in
803 1361 922 1440 quibus
937 1361 980 1423 ad
995 1382 1150 1442 persona·

129 1464 202 1507 rum
217 1445 413 1524 dignitatem
435 1447 549 1507 omnia
563 1446 772 1509 referrentur.
791 1445 963 1525 suumque
980 1455 1066 1508 esset
1080 1467 1150 1509 orn·

128 1530 180 1590 nis
195 1531 332 1592 oratoris
346 1532 398 1592 vis
413 1550 454 1591 ac
469 1529 612 1593 facultas
627 1532 662 1592 in
677 1532 819 1610 quinque
837 1539 950 1610 partes
965 1529 1151 1603 distributa,
1214 1516 1217 1583 ἶ

128 1622 167 1674 ut
189 1613 324 1676 deberet
350 1615 494 1696 reperire
518 1617 671 1694 primum,
688 1614 765 1695 quid
787 1614 929 1687 diceret3
960 1614 1076 1677 deinde
1100 1618 1149 1677 in-

128 1705 231 1759 venta
252 1718 317 1759 non
342 1700 447 1759 solum
468 1698 591 1772 ordine,
613 1699 671 1761 sed
695 1702 796 1762 etiam
819 1708 984 1760 momento
1006 1699 1150 1779 quodam

129 1789 228 1860 atque
239 1780 375 1860 judicio,
389 1781 579 1861 dispensare
595 1793 693 1862 atque
709 1802 925 1864 componere3
948 1794 1020 1845 tum
1035 1805 1077 1846 ea
1092 1784 1148 1847 dc·

128 1865 227 1943 nique
243 1867 365 1927 vestire
390 1874 489 1945 atque
504 1887 622 1929 ornare
644 1869 815 1940 oratione3
838 1867 911 1949 post
927 1869 1084 1930 memorii
1099 1889 1150 1930 se·

129 1949 220 2030 pirc3
243 1949 286 2011 ad
301 1961 486 2013 extremum
508 1971 607 2029 agere
624 1972 699 2014 cum
721 1953 882 2031 dignitate
897 1972 938 2015 ac
961 1961 1148 2015 venustate.

128 2031 241 2095 Etiam
257 2035 316 2096 illa
331 2035 510 2115 cogndram
524 2045 558 2097 et
580 2057 785 2118 acceperam,
801 2046 980 2117 antequam
994 2036 1034 2098 de
1050 2058 1085 2098 re
1101 2036 1149 2099 di-

129 2136 286 2189 ceremus
301 2121 395 2182 initio
409 2119 632 2187 cmciliandos
647 2141 760 2183 eorum
776 2141 847 2185 esse
864 2123 999 2193 animoa,
1013 2123 1070 2200 qui
1089 2141 1161 2194 au-⁴

57 2216 61 2220 ·
128 2200 254 2274 dirent3
277 2202 394 2265 deinde
409 2224 479 2265 rem
500 2203 808 2278 demonstrandam
831 2214 947 2286 postea
963 2215 1149 2268 controver·
1217 2268 1218 2273 ,

128 2286 213 2347 siam
235 2288 517 2361 constituendam
543 2297 614 2350 tum
636 2290 678 2360 id,
702 2291 787 2369 quod
809 2310 869 2351 nos
894 2289 1149 2363 intenderemus,
1217 2338 1218 2353 ,

128 2370 408 2444 confirmandum
430 2372 513 2453 post,
524 2393 597 2453 quae
613 2376 725 2436 contra
740 2374 935 2446 dicerentur,
945 2373 1160 2448 refellendas
1217 2444 1218 2449 η

128 2455 274 2516 extremi
289 2465 403 2518 autern
417 2458 575 2529 oratione,
591 2478 730 2538 eaquae
752 2478 811 2539 pro
829 2458 921 2520 nobis
944 2467 1061 2530 essent,
1076 2479 1148 2520 am·

126 2538 307 2619 plificanda
321 2550 355 2602 et
378 2541 549 2620 augenda3
572 2561 709 2622 quaeque
725 2552 834 2605 essent
855 2561 914 2623 pro
937 2541 1148 2643 adpersariis,
1217 2570 1218 2579 ¹

127 2622 327 2687 infirmanda
341 2635 440 2705 atque
457 2624 649 2704 frangenda.
902 2664 920 2701 ,r
1007 2648 1043 2695 er

169 2706 303 2770 XXXII.
327 2709 507 2772 Audieram
518 2712 620 2772 etiam
631 2730 704 2789 quae
714 2711 755 2773 de
767 2711 923 2773 orationis
938 2711 1039 2791 ipsius
1050 2730 1147 2773 orna·

128 2794 248 2853 mentis
263 2793 489 2867 traderentur;
511 2796 545 2855 in
560 2795 633 2873 qua,
648 2796 837 2876 praecipitur
847 2796 999 2876 primurn,
1011 2805 1048 2856 ut
1062 2799 1146 2876 pure
1216 2874 1218 2877 ι

128 2885 162 2938 et
185 2874 304 2937 Latine
320 2878 512 2957 loquamur3
536 2879 652 2940 deinde
668 2888 705 2940 ut
727 2879 825 2960 plane
841 2879 1050 2951 et.dilucide;
1072 2889 1146 2943 turn

128 2969 165 3022 ut
180 2962 314 3033 ornate3
337 2962 410 3042 post
425 2961 468 3022 ad
489 2981 599 3025 rerum
614 2962 808 3040 dignitatem
825 2964 901 3044 apte
917 2971 950 3025 et
973 2964 1067 3042 quasi
1089 2963 1146 3026 de·

128 3045 222 3106 cord:
245 3045 514 3126 singularumque
526 3067 635 3108 rerum
650 3059 817 3129 praecepta
832 3047 1018 3126 cognbram.
1062 3047 1147 3123 Qui-

126 3131 262 3200 netiam,
276 3148 349 3207 quae
363 3131 507 3191 maxime
528 3133 662 3212 propria
677 3142 785 3194 essent
807 3142 943 3204 naturae,
958 3140 1071 3193 tamen
1093 3132 1147 3194 his
1166 3152 1167 3155 ¹
1217 3206 1218 3215 ἵ

126 3214 206 3295 ipsis
221 3222 328 3277 artem
339 3213 487 3277 adhiberi
502 3213 667 3277 videram:
690 3236 768 3278 nam
780 3216 820 3277 de
833 3218 963 3278 actione
977 3224 1010 3277 et
1024 3215 1065 3277 de
1077 3237 1146 3278 me·

126 3300 238 3371 moriri,
259 3299 410 3378 quaedam
435 3300 560 3373 brevia,
575 3299 633 3360 sed
656 3301 778 3379 magud
799 3320 876 3363 cum
897 3300 1147 3370 exercitatione,

125 3393 294 3464 praecepta
308 3385 485 3462 gustarem.
529 3383 566 3446 In
581 3384 632 3446 his
647 3386 736 3446 enim
750 3384 818 3447 fere
833 3384 933 3447 rebus
948 3385 1053 3445 omnis
1067 3386 1146 3447 isto·

126 3486 200 3529 rum
222 3467 387 3530 artificum
408 3469 557 3531 doctrina
572 3479 732 3541 versatur,
754 3489 854 3548 quam
873 3490 935 3548 ego
950 3470 978 3531 si
1001 3467 1081 3529 nihil
1097 3468 1146 3531 di·

126 3634 399 3697 commonendum
422 3646 594 3708 oratorem,
616 3637 680 3716 qud
702 3637 843 3718 quidque
865 3638 997 3710 referat,
1020 3646 1054 3698 et
1078 3639 1146 3717 qud

126 3720 267 3792 intuens,
278 3719 321 3781 ab
337 3740 386 3792 co,
397 3720 610 3799 quodcunque
625 3722 689 3784 sibi
703 3724 917 3805 proposuerit,
929 3723 1037 3785 mimis
1049 3723 1146 3784 aber·

127 3813 185 3863 ret.
213 3802 354 3865 uerum
368 3823 431 3883 ego
453 3803 540 3867 hanc
562 3806 631 3866 vim
652 3807 800 3886 intelligo
815 3827 887 3870 esse
910 3808 945 3868 in
966 3808 1146 3889 praeceptis

1101 3961 1107 3979 i

1067 3988 1101 4035 ,¹

127 3571 202 3613 cam
217 3552 387 3630 adjuvare,
401 3554 562 3614 mentiar:
584 3552 685 3614 habet
708 3555 796 3615 enim
810 3552 972 3633 quaedam,
986 3554 1082 3634 quasi
1100 3554 1146 3615 ad
1216 3494 1218 3571 Ὗ

1216 3674 1218 3759 l
