2434 4286
341 946 346 955 -
413 895 768 970 DIALOGUS

568 1107 614 1141 SEU

329 1255 517 1322 LIBER
558 1254 851 1322 TERTIUS.

117 1608 141 1673 I.
165 1609 363 1672 Iusrrroeurr
377 1609 467 1679 mihi,
482 1608 606 1685 Quinte
622 1609 733 1682 frater,
748 1629 825 1671 eum
847 1629 1030 1672 sermonem
1048 1630 1095 1672 re-

72 1693 173 1767 ferre,
188 1704 223 1755 et
246 1693 405 1754 mandare
427 1692 503 1754 huic
526 1696 624 1755 tertio
646 1693 738 1766 libro,
753 1713 859 1773 quem,
874 1704 946 1775 post
962 1694 1096 1757 Antonii
1158 1740 1192 1771 ,,,

73 1777 497 1859 disputationem‘Crassus
516 1777 693 1857 habuisset,
709 1778 831 1839 acerba
846 1779 925 1855 san}
948 1778 1103 1840 reeorda'
1122 1774 1186 1863 [1²2⁴
1197 1782 1212 1859 'j

72 1863 284 1924 tioveterem
297 1863 525 1933 animicuram
538 1863 783 1940 molestiamque
796 1862 976 1923 renovavit.
1007 1862 1096 1924 Nam
1210 1864 1212 1867 ’

74 1946 159 2007 illud
186 1946 433 2017 immortalitate
455 1946 592 2024 dignum
614 1947 791 2024 ingenium,
815 1945 872 2006 illa
897 1944 1096 2019 humanitas

74 2030 137 2091 illa
152 2030 258 2090 virtus
274 2029 310 2091 L.
326 2028 445 2101 Crassi,
461 2038 564 2091 morte
580 2033 743 2092 exstincta
764 2030 871 2091 subita
886 2038 945 2101 est,
960 2031 1016 2090 vix
1031 2031 1096 2093 dic·

73 2112 139 2175 bus
162 2113 277 2175 decem
303 2123 376 2194 post
399 2114 475 2174 eum
491 2113 587 2186 diem,
602 2115 658 2193 qui
683 2114 744 2175 hoc
767 2123 800 2175 et
823 2115 989 2193 superiore
1013 2115 1096 2177 libro

74 2200 274 2266 continetur.
318 2197 363 2260 Ut
377 2199 466 2258 enim
478 2196 617 2259 Romam
629 2198 724 2260 rediit
736 2208 881 2259 extremo
893 2198 1096 2271 scenicorum
1136 2216 1139 2225 “

74 2281 231 2343 ludorum
256 2280 319 2353 die,
340 2281 553 2343 vehementer
575 2292 755 2344 commotus
781 2282 820 2343 ea
845 2284 1002 2355 oratione,
1024 2302 1096 2363 quae

71 2365 249 2427 'ferebatur
262 2364 378 2427 habita
389 2385 460 2451 esse
476 2367 511 2426 in
526 2362 715 2431 concione'a
728 2365 896 2447 Philipp03
919 2386 1017 2445 quem
1029 2366 1096 2427 dix·

74 2451 143 2512 isse
168 2448 351 2521 constabat,
372 2450 537 2510 uidendum
558 2450 619 2511 sibi
639 2450 731 2510 aliud
751 2469 814 2510 esse
838 2449 1020 2519 considam,-
1043 2449 1097 2511 illo
1178 2508 1183 2519 ,

73 2540 189 2595 senatu
210 2553 243 2593 se
264 2532 484 2615 rempublicam
505 2555 616 2616 gerere
637 2548 699 2594 non
718 2553 832 2614 posse;
862 2510 968 2603 morib),
989 2532 1099 2678 {libus
1117 2554 1146 2567 *¹

75 2616 337 2697 Septembribus,
352 2625 386 2677 et
407 2616 462 2678 illo
478 2627 511 2679 et
526 2628 660 2687 senatus
675 2617 837 2696 frequens
852 2624 973 2676 vocatu
1023 2616 1097 2686 rusi,

75 2703 114 2763 in
135 2702 263 2762 curiam
285 2702 385 2763 venit.
428 2695 480 2762 lbi
503 2703 587 2763 eum'
603 2699 729 2763 Drusus
751 2701 856 2762 multa
881 2698 921 2760 de
947 2698 1106 2780 Phiiippo
1133 2748 1136 2757 .
1168 2760 1188 2781 Μ

76 2795 214 2865 questus
228 2794 324 2856 esset,
339 2784 450 2846 retulit
464 2785 506 2845 ad
529 2795 680 2848 senatum
695 2785 736 2846 de
751 2785 806 2845 illo
828 2785 907 2863 ipso,
922 2783 1008 2863 quod
1022 2804 1096 2846 eon·
1120 2792 1132 2851 ,ῑ
1154 2788 1174 2795 ”
1208 2844 1210 2849 ,

76 2870 130 2931 sul
154 2871 188 2930 iu
205 2888 281 2931 eum
296 2868 443 2931 ordinem
465 2875 536 2937 tam
557 2872 702 2947 graviter
722 2870 755 2930 in
770 2869 926 2930 concione
942 2879 1029 2931 esset
1050 2870 1097 2930 in·
1209 2938 1210 2941 Ἴ

4 2962 6 2967 “
77 2963 205 3015 vectus
250 2951 323 3025 Hie,
336 2962 371 3013 ut
387 2952 473 3032 saepc
489 2954 573 3014 inter
588 2952 735 3015 homines
750 2954 1006 3034 sapientissimos
1022 2974 1113 3022 con-⁴

77 3046 167 3099 stare
191 3035 269 3108 vidi,
283 3055 471 3116 quanquam
492 3036 554 3098 hoe
577 3036 703 3110 Crasso,
718 3040 793 3100 cum
815 3036 939 3116 aliquid
963 3057 1094 3099 accura-

77 3122 145 3182 tius
157 3121 301 3192 dixisset,
312 3139 440 3200 semper
455 3119 522 3181 fere
538 3123 736 3203 contigisset,
748 3132 784 3183 ut
799 3141 966 3199 nunquam
977 3121 1096 3182 dixisse

78 3206 198 3267 melius
220 3205 400 3285 putaretur,
414 3214 527 3266 tamen
541 3207 686 3267 omnium
702 3225 861 3267 consensu
876 3206 922 3265 sic
938 3224 1010 3265 esse
1024 3214 1096 3265 tum

81 3288 278 3368 judicatum,
294 3297 429 3350 caeteros
444 3307 465 3349 a
480 3288 597 3350 Crasso
620 3308 748 3369 semper
770 3283 891 3359 oinneS,
907 3288 963 3350 illo
985 3297 1097 3349 autem

80 3374 135 3434 die
157 3374 260 3433 etiam
283 3373 390 3453 ipsum
411 3392 433 3433 a
454 3392 525 3434 sese
548 3383 749 3452 superatum.
793 3370 986 3452 Deploravit
1008 3374 1097 3433 enim
1119 3391 1126 3404 ·

81 3476 197 3518 casum
212 3465 312 3536 atque
324 3455 499 3518 orbitatem
509 3458 659 3518 senatus:
682 3457 776 3535 cujus
790 3455 910 3529 ordinis
921 3475 943 3516 a
954 3457 1097 3541 consule,

80 3542 137 3620 qui
158 3542 253 3619 quasi
277 3560 397 3620 parens
419 3540 523 3602 bonus
539 3551 598 3601 aut
620 3548 708 3600 tutor
729 3538 834 3600 fidelis
856 3558 928 3600 esse
954 3536 1097 3614 deberet,
1117 3546 1165 3581 ”’-

80 3634 242 3703 tanquam
253 3623 296 3685 ab
308 3625 418 3703 aliquo
430 3624 555 3686 nefario
566 3614 727 3706 prreddn'e,
738 3623 932 3703 diriperetur
943 3625 1096 3702 patrimo·
1135 3682 1139 3691 A

81 3709 173 3771 nium
185 3708 371 3787 dignitatis:
394 3728 499 3787 neque
512 3708 592 3769 verb
604 3727 675 3769 esse
691 3707 885 3777 mirandum,
896 3709 932 3777 si,
944 3708 1019 3767 edm
1030 3707 1098 3767 suis
1143 3744 1148 3753 ·

81 3793 226 3855 consiliis
241 3812 310 3854 rem
325 3791 491 3873 publicam
509 3792 721 3871 profligasset,
736 3790 907 3853 consilium
922 3789 1054 3848 senatus
1075 3808 1097 3849 a

83 3875 250 3958 republica
265 3875 461 3956 repudiaret.
506 3874 570 3936 Hic
585 3878 661 3938 edm
674 3873 798 3937 homini
813 3882 847 3932 et
861 3866 1048 3930 vehementi
1063 3878 1097 3929 et
