2434 4286
153 377 208 436 '88
424 392 465 435 mr
484 392 627 435 carrona
647 392 737 434 amaa
758 392 919 434 manre.

163 552 275 607 turum
290 540 516 611 confir-marim
538 549 638 620 atque
652 540 755 602 ctiam
774 539 910 613 addidit,
924 541 1041 619 gratiae
1056 540 1197 605 scilicet

164 628 273 699 causi,
287 646 340 688 me
356 645 484 704 quoque
498 625 562 687 sibi
576 626 771 703 magistrum
786 624 944 686 futurum.
988 623 1054 687 Vix
1077 645 1196 691 annus

163 713 395 773 intercesserat
419 711 463 772 ab
485 708 547 772 hoc
570 729 721 772 sermone
735 709 968 772 cohortationis
992 728 1086 782 meae,
1113 714 1195 772 cum

163 798 225 858 iste
241 797 412 879 accusavit
426 794 462 855 0.
479 794 681 865 Norbanum,
704 794 900 856 defendente
924 814 987 856 me.
1032 793 1127 856 Non.
1141 805 1195 858 est

161 880 329 953 credibile,
344 878 421 960 quid
436 880 593 941 interesse
617 879 764 940 mihirsit
787 880 894 940 visum
919 880 1007 940 inter
1028 898 1110 940 eum
1134 882 1196 958 qui

162 973 340 1037 tumeret,
366 972 400 1024 et
425 965 482 1043 qui
504 983 590 1026 anno
612 964 691 1026 ante
712 963 830 1026 suerat.
873 961 1015 1025 Omnino
1040 964 1076 1024 in
1103 964 1195 1026 illud

162 1070 268 1128 genus
281 1069 359 1112 eum
374 1047 482 1110 Crassi
498 1047 713 1127 magnificum
735 1058 833 1127 atque
848 1048 1045 1129 praeclarum
1060 1061 1195 1110 natura

162 1136 236 1216 ipsa
251 1132 414 1196 ducebat:
436 1132 494 1195 aed
508 1153 550 1195 ea
564 1153 631 1195 non
644 1126 906 1214 satisfproficere
927 1132 1098 1213 potuisset,
1124 1135 1194 1195 nisi

161 1219 279 1281 eodem
304 1218 412 1280 studio
438 1227 537 1298 atque
564 1219 747 1280 imitatione
776 1216 979 1289 intendisset,
1004 1227 1105 1296 atqua
1140 1219 1194 1279 ita

162 1303 272 1366 dicere
294 1302 492 1375 consuisset,
507 1312 544 1364 ut
558 1304 627 1365 tota
648 1311 757 1364 mente
781 1300 945 1372 Crassum,
970 1310 1069 1380 atque
1095 1303 1193 1364 omni

163 1391 282 1458 animo,
296 1390 488 1449 intueretur.

204 1471 304 1534 XXll.
328 1471 418 1550 Ergo
433 1470 494 1533 hoc
510 1472 553 1534 sit
567 1472 710 1553 primum
724 1472 758 1531 in
772 1470 947 1552 praceptis
969 1471 1059 1542 meis,
1076 1478 1115 1532 ut
1132 1469 1192 1532 de·

160 1569 389 1629 monstremus
411 1576 510 1635 quem
531 1559 685 1627 imitetur,
708 1565 808 1634 atque
825 1557 882 1626 ita,
897 1563 934 1615 ut
948 1573 1021 1634 quas
1036 1555 1191 1616 maxime

161 1642 327 1703 excellant
350 1642 384 1702 in
408 1661 448 1702 eo
471 1660 568 1719 quem
584 1639 776 1710 imitabitur,
792 1660 833 1700 ea
848 1639 1097 1717 diligentissime
1113 1659 1191 1719 per·

161 1736 336 1805 sequatur:
368 1736 441 1786 tum
465 1724 604 1786 accedat
630 1725 831 1795 exercitatio,
860 1725 923 1803 qua
951 1724 1054 1792 illum,
1083 1742 1190 1803 quem

160 1811 239 1873 anta
263 1808 431 1885 delegerit,
453 1808 612 1869 imitando
638 1807 784 1886 effingat,
806 1817 904 1887 atque
926 1809 975 1868 ita
996 1809 1190 1888 exprimat3

161 1913 228 1954 non
242 1903 280 1955 ut
294 1894 415 1955 multos
429 1894 611 1954 imitatores
626 1894 712 1973 saepd
728 1894 878 1970 cognovi,
894 1893 949 1971 qui
964 1900 1023 1952 aut
1044 1911 1087 1953 ea
1111 1913 1190 1972 quae

160 1977 276 2039 facilia
290 1988 375 2048 sunt,
391 1987 449 2037 aut
464 1978 567 2039 etiam
578 1978 638 2038 illa
648 1997 720 2056 quae
732 1977 876 2054 insignia
891 1996 930 2036 ac
945 1977 1039 2056 paene
1051 1978 1190 2050 vitiosa,

162 2065 396 2123 consectantur
410 2060 577 2122 imitando.
623 2060 714 2122 Nihil
739 2070 789 2123 est
812 2061 952 2131 facilius
967 2061 1063 2139 quam
1081 2065 1189 2123 amic·

161 2155 234 2208 tum
248 2146 372 2206 imitari
388 2146 537 2224 alicujus
553 2154 611 2206 aut
626 2154 758 2216 statum,
781 2155 840 2207 aut
860 2154 1008 2209 motum„
1041 2145 1077 2206 Si
1102 2146 1189 2207 verb

162 2231 264 2291 etiam
278 2230 433 2290 vitiosum
454 2229 578 2309 aliquid
598 2240 657 2301 est,
672 2229 705 2291 id
720 2248 858 2302 sumere,
873 2240 907 2291 et
922 2232 956 2291 in
971 2250 1011 2290 eo
1026 2230 1189 2292 vitiosum

162 2333 244 2387 esse,
258 2334 323 2376 non
339 2333 497 2392 magnum
520 2324 580 2386 est,
595 2315 711 2385 utillo,
732 2316 788 2394 qui
812 2335 899 2377 nunc
924 2315 1036 2385 etiam,
1060 2317 1189 2376 amissa

162 2418 253 2470 voce,
268 2399 347 2459 furit
369 2400 404 2459 in
426 2419 461 2460 re
483 2398 623 2479 publica,
647 2398 776 2471 Furius
800 2419 919 2461 nervos
934 2400 968 2460 in
983 2398 1124 2460 dicendo
1148 2399 1187 2461 C.

161 2482 326 2554 Fimbriae,
341 2502 421 2562 quos
444 2492 557 2544 tamen
582 2483 698 2545 habuit
723 2483 789 2554 ille,
811 2503 876 2544 non
898 2485 1093 2562 assequitur,
1118 2486 1189 2545 oris

161 2569 363 2649 pravitatem
385 2577 418 2630 et
440 2567 613 2629 verborum
630 2567 838 2630 latitudinem
859 2568 1028 2629 imitatur:
1051 2567 1111 2627 sed
1134 2578 1187 2629 ta·

162 2672 239 2714 men
265 2652 320 2714 ille
345 2670 407 2714 nec
429 2651 573 2730 deligere
596 2653 701 2723 scivit,
724 2653 818 2730 cujus
839 2652 1044 2732 potissimum
1065 2653 1187 2714 similis

162 2747 258 2809 esset,
273 2746 315 2808 et,
330 2739 364 2797 in
379 2758 419 2798 eo
434 2738 504 2817 ipso
518 2756 617 2815 quem
631 2737 812 2815 delegerat,
826 2737 948 2797 imitari
970 2738 1071 2797 etiam
1095 2738 1187 2797 vitia

163 2822 276 2882 voluit.
310 2820 378 2896 Qui
393 2831 506 2881 autem
521 2823 570 2882 ita
584 2821 695 2892 faciet,
709 2829 746 2883 ut
761 2830 897 2901 oportet,
910 2822 1050 2901 primum
1065 2821 1188 2898 vigilet

163 2924 297 2967 necesse
314 2913 364 2966 est
386 2907 419 2965 in
445 2903 640 2983 deligendo:
661 2904 788 2977 deinde,
803 2925 900 2984 quem
915 2905 1076 2985 probavit,
1091 2908 1127 2966 in
1144 2925 1187 2968 eo

162 3008 235 3069 quae
250 2989 392 3050 maxime
409 2990 581 3061 excellent,
596 3010 638 3051 ea
652 2989 900 3069 diligentissime
915 2999 1143 3070 persequatur.

205 3072 295 3148 Quid
310 3075 398 3134 enim
413 3092 524 3135 causae
548 3075 689 3136 censetis
704 3094 784 3145 esse,
800 3093 859 3136 cur
872 3083 988 3135 oetates
1003 3074 1187 3137 extulerint

162 3158 299 3236 singula
323 3159 455 3235 singula
477 3159 577 3240 prope
601 3178 725 3236 genera
748 3156 900 3220 dicendil
924 3158 1009 3237 quod
1030 3167 1186 3220 nontam

162 3242 261 3303 facite
290 3244 324 3304 in
353 3245 472 3304 nostris
501 3244 684 3304 oratoribus
713 3263 885 3324 possumus
909 3243 1061 3322 judicare
1088 3242 1186 3321 (quia

162 3330 296 3408 scripta,
311 3348 352 3389 ex
367 3328 485 3407 quibus
497 3327 660 3405 judicium
681 3327 753 3389 fieri
767 3338 885 3408 posset,
901 3348 966 3389 non
982 3327 1087 3388 multa
1101 3329 1185 3389 sano

162 3412 388 3491 reliquerunt),
402 3413 500 3492 quim
525 3413 559 3473 in
581 3411 725 3483 Graecis3
748 3432 789 3473 ex
804 3431 941 3491 quorum
964 3413 1103 3491 scriptis,
1126 3433 1186 3475 cu·

163 3496 283 3574 jusque
298 3499 407 3558 aetatis
422 3517 495 3575 quae
510 3496 640 3557 dicendi
662 3498 747 3558 ratio
769 3498 986 3575 voluntasque
1003 3496 1112 3567 suerit,
1134 3497 1185 3559 in·

162 3580 267 3657 telligi
282 3589 398 3658 potest.
444 3582 670 3658 Antiquissimi
692 3580 760 3642 fere
782 3592 867 3652 sunt,
889 3600 1027 3660 quorum
1049 3580 1185 3660 quidem

163 3666 286 3742 scripta
309 3673 466 3736 constent,
488 3664 641 3734 Periclea,
665 3675 765 3745 atque
788 3665 988 3736 Alcibiades
1010 3675 1043 3726 et
1066 3667 1183 3728 eadem

163 3757 262 3808 aetate
298 3747 513 3828 Thucydideo,
548 3750 694 3821 subtiler,
725 3752 825 3820 acuti,
854 3749 981 3821 breves
1011 3752 1186 3814 sententiis

165 3830 270 3909 magis
295 3834 393 3910 quam
420 3834 527 3897 verbis
552 3833 767 3897 abundantes.
812 3833 888 3896 Non
909 3836 1070 3916 potuisset
1096 3838 1185 3898 acci·
