2444 4276
139 356 200 416 les
297 347 300 353 ’
413 371 453 413 nu
473 367 614 423 curcua
634 368 723 412 nrum
742 368 879 413 merus.

135 529 208 584 tum
222 517 362 583 Athenis
380 516 452 579 fieri
475 514 622 595 licebat),
637 516 782 597 leporem
804 514 969 577 habitasse
992 513 1159 588 dixerunt,

136 613 330 682 tantamque
354 603 442 663 ineo
456 601 524 662 vim
546 598 707 672 fuissent
727 601 889 662 incorum
910 598 1087 671 mentibus,
1101 600 1159 678 qui

138 687 314 759 audissent,
328 687 423 765 quasi
435 685 568 747 aculeos
582 703 626 763 qu
685 703 707 743 a
756 684 962 762 relinqueret.
1007 683 1053 746 At
1068 683 1158 749 hunc
1182 700 1199 725 -1

137 792 204 834 non
226 772 387 833 clamator
409 769 527 847 aliquis
549 766 611 829 ad*
708 704 821 829 Ι11111111
844 767 966 829 latrare
989 765 1159 838 docuerat,

138 855 205 929 sed,
227 864 265 917 ut
291 854 489 934 accepimus,
512 850 741 913 Clazomenius
769 851 825 914 ille
851 852 1081 928 Anaxagorae,
1108 854 1159 911 vir

139 958 285 1002 summus
299 938 333 998 in
344 938 564 999 maximarum
575 954 685 997 rerum
696 936 842 997 scientis.
885 934 1000 1013 Itaque
1015 933 1070 996 hic
1082 934 1159 996 doc·
1205 904 1207 1031 1

138 1022 232 1093 trini,
247 1021 392 1092 consilio,
410 1019 595 1099 eloquentis
615 1019 789 1092 excellens,
810 1017 1032 1098 quadraginta
1053 1037 1159 1079 annos
1206 1042 1207 1045 ¹

139 1105 280 1189 praefuit,
294 1103 443 1176 Athenis,
458 1113 492 1165 et
514 1101 649 1166 urbanis
670 1101 786 1166 eodem
808 1112 956 1185 tempore
972 1112 1005 1164 et
1028 1101 1159 1163 bellicis

140 1191 247 1253 rebus.
1207 1226 1208 1259 ,

182 1273 272 1350 Quid
287 1268 430 1334 Critiasi
457 1269 533 1350 quid
549 1267 761 1332 Alcibiades?
789 1268 979 1332 civitatibus
1001 1271 1071 1331 suis
1089 1271 1158 1350 qui-
1207 1274 1208 1357 1

140 1358 215 1420 dem
230 1377 295 1419 non
316 1356 402 1427 boni,
416 1355 474 1417 sed
496 1355 583 1417 certe
605 1353 692 1416 docti
714 1363 813 1433 atque
835 1354 1033 1433 eloquentes
1048 1374 1158 1416 nonne
1207 1364 1208 1383 ³

141 1441 318 1505 Socraticis
333 1448 427 1502 erant
448 1437 721 1518 disputationibus
737 1436 879 1501 eruditi?
916 1436 1001 1513 Quis
1015 1436 1159 1500 Dionem
1207 1438 1208 1451 ¹

142 1526 355 1608 Syracusium
381 1523 535 1585 doctrinis
558 1521 708 1585 omnibus
732 1518 910 1603 expolivit?
944 1541 1009 1583 non
1039 1520 1158 1584 Platoi
1208 1516 1209 1583 1

141 1621 242 1689 atque
265 1606 448 1670 cumidem
471 1608 527 1668 ille
550 1627 615 1668 non
638 1606 760 1685 linguae
782 1606 897 1677 solum,
918 1607 1034 1667 verum
1056 1608 1160 1668 etiam
1208 1632 1209 1635 ¹

142 1695 244 1756 animi
266 1712 306 1754 ac
321 1693 452 1753 virtutis
469 1691 635 1768 magister,
650 1690 693 1751 ad
715 1690 920 1752 liberandam
933 1690 1079 1770 patriam
1101 1692 1159 1751 im-

166 1779 235 1849 ulit,
260 1776 419 1847 instruxit,
442 1776 604 1837 armmrit.¹
639 1774 763 1836 Aliisne
792 1775 893 1853 igitur
918 1773 1044 1835 artibus
1069 1772 1158 1837 hunc

141 1799 283 1926 binnam
293 1860 433 1922 instituit
448 1859 551 1933 Plato,
563 1859 636 1920 aliis
646 1858 805 1921 Isocrates
819 1857 1039 1920 clarissimum
1049 1859 1160 1920 virum

142 1945 361 2017 Timotheum,
376 1942 527 2016 Cononis,
541 1944 801 2025 praestantissimi
816 1943 1032 2024 imperatoris
1044 1942 1160 2015 filium,

142 2049 307 2092 summum
318 2030 425 2108 ipsum
436 2028 666 2108 imperatorem
677 2026 905 2106 hominemque
915 2023 1158 2088 doctissimum?
1209 2046 1210 2053 ¹

143 2122 202 2174 aut
216 2114 291 2174 aliis
313 2110 538 2192 Pythagoreus
559 2112 615 2172 ille
632 2110 726 2191 Lysis
740 2109 936 2173 Thebanum
957 2108 1160 2191 Epaminon·
1209 2126 1211 2223 1

143 2197 229 2270 dam,
240 2195 329 2257 haud
341 2196 408 2259 scio
420 2214 464 2255 an
476 2214 639 2256 summum
650 2198 758 2257 virum
769 2215 871 2256 unum
882 2195 986 2256 omnis
995 2192 1136 2257 Graeciae
1147 2193 1158 2255 1

144 2290 203 2342 aut
217 2276 400 2358 Xenophon
414 2275 626 2356 Agesilaum?
651 2288 709 2340 aut
724 2278 887 2341 Philolaus
899 2277 1081 2359 Archytam
1095 2277 1160 2340 Ta·
1210 2296 1211 2343 1

143 2360 329 2427 111111111111
354 2371 413 2423 aut
425 2363 494 2443 ipse
505 2359 709 2443 Pythagoras
718 2373 823 2425 totam
834 2363 926 2424 illam
937 2372 1087 2424 veterem
1098 2362 1160 2426 Ita·

143 2448 196 2510 liae
211 2446 384 2518 Graeciam,
398 2466 470 2526 quae
486 2446 650 2525 quondam
665 2444 793 2525 Magna
807 2448 954 2509 vocitata
969 2444 1041 2507 esti

186 2530 321 2595 XXXV.
344 2529 506 2610 Equidem
517 2551 582 2592 non
593 2530 741 2592 arbitror.
775 2530 830 2593 Sic
842 2532 930 2593 enim
941 2529 1048 2602 rideo,
1057 2550 1161 2592 imam

143 2615 309 2696 quandam
334 2616 480 2676 omnium
505 2634 717 2694 rerumquae
740 2625 847 2676 essent
875 2613 1005 2675 homine
1032 2616 1161 2677 erudito

144 2701 260 2777 dignae,
277 2708 376 2777 atque
392 2719 431 2760 eo
446 2700 501 2777 qui
516 2701 550 2760 in
565 2719 600 2760 re
616 2697 746 2779 publica
760 2699 861 2761 vellet
873 2699 1043 2769 excellere,
1059 2699 1161 2761 fuisse

143 2783 344 2853 doctrinam
366 2801 466 2862 quam
488 2784 544 2862 qui
568 2783 780 2862 accepissent,
796 2784 824 2844 si
847 2781 947 2843 iidem
970 2782 1105 2860 ingenio
1121 2783 1163 2845 ad

143 2864 420 2948 pronuntiandum
442 2865 632 2938 valuissent,
648 2874 681 2928 et
704 2886 739 2927 se
762 2866 805 2928 ad
827 2865 1002 2928 dicendum
1023 2885 1163 2946 quoque,

144 2970 209 3011 non
224 2958 428 3027 repugnante
440 2950 567 3021 natura,
578 2950 751 3023 dedissent,
766 2949 950 3029 eloquentis
960 2952 1162 3029 praestitisse,

144 3034 258 3112 ltaque
273 3033 342 3112 ipsc
355 3031 556 3106 Aristotelea,
571 3037 646 3096 curn
661 3034 775 3096 florere
797 3033 974 3096 Isocratem
987 3034 1162 3098 nobilitate

145 3116 377 3198 discipulorum
388 3116 523 3188 videret,
532 3117 618 3197 quod
629 3119 697 3199 ipse
713 3138 790 3179 suas
801 3118 1039 3198 disputationes
1051 3139 1073 3178 a
1086 3139 1163 3180 cau·

145 3204 189 3265 sis
204 3200 385 3264 forensibus
401 3209 435 3262 et
458 3202 609 3263 civilibus
629 3202 673 3263 ad
695 3204 828 3263 inanem
849 3202 1007 3264 sermonis
1029 3202 1163 3281 elegan-

144 3288 227 3349 tiam
242 3286 470 3357 transtulisset,
481 3287 624 3347 mutavit
640 3286 773 3367 repente
789 3294 892 3347 totam
908 3285 1045 3347 formam
1062 3288 1163 3368 prope

130 3369 325 3450 ,disciplinae
348 3388 426 3441 suae,
448 3389 642 3448 versumque
664 3369 828 3449 quendam
848 3369 1038 3433 Philoctetae
1062 3369 1164 3450 paulo

145 3472 240 3515 secus
255 3452 354 3524 dixit3
377 3452 432 3513 ille
448 3456 537 3515 enim
558 3453 644 3535 turpi
665 3452 728 3514 sibi
743 3455 790 3514 ait
805 3474 868 3514 esse
883 3455 1077 3525 laceramine
1094 3455 1163 3516 bar·

146 3537 246 3608 horos,
257 3534 310 3596 hio
326 3545 449 3607 autern,
459 3539 529 3597 111111
543 3535 716 3608 Isocratem,
725 3546 884 3620 pateretur
898 3538 1010 3600 dicere.
1047 3536 1162 3619 Itaque

146 3619 276 3681 ornavit
287 3628 320 3679 et
331 3618 508 3680 illustravit
519 3619 700 3682 doctrinam
714 3622 806 3683 illam
817 3641 965 3694 omnem3
987 3641 1162 3703 rerumque

147 3696 366 3780 coguitionem
377 3720 453 3762 curn
463 3703 619 3765 orationis
634 3705 867 3767 exercitatione
880 3707 1059 3784 conjunxit.
1098 3706 1163 3771 Ne·

147 3804 210 3862 que
233 3783 311 3844 verb
332 3782 393 3845 hoc
417 3782 502 3861 fugit
523 3787 801 3864 sapientissimum
822 3809 944 3867 regem,
966 3788 1163 3871 Philippum,
