2434 4286
290 400 330 441 nn
352 398 493 441 onnronn
513 399 602 440 nmen
624 398 785 441 smarnos.
987 385 1048 444 115

28 545 226 620 defensione,
242 547 300 608 sed
316 549 418 609 etiam
441 548 475 608 in
493 545 630 618 Scauro,
645 549 837 626 caeterisque
852 548 934 610 meis
957 550 1047 612 testi-

28 630 92 705 bus,
107 653 251 711 quorum
274 634 472 701 testimonia,
487 651 551 693 non
567 631 754 704 refellendo,
770 632 825 692 sed
849 633 892 694 ad
906 634 1048 697 eundem

27 715 184 796 impetum
209 717 322 797 populi
346 716 571 794 confugiendo,
587 715 745 777 refutasti.
790 715 875 792 Quae
898 719 972 779 clun
988 718 1048 779 abs

27 809 57 859 te
71 800 169 862 modo
185 812 532 871 commemorarentur,
545 800 695 878 equidem
710 800 803 861 nulla
818 812 983 882 praecepta
994 803 1046 865 de-

28 884 233 947 siderabam:
257 888 355 946 istam
371 887 459 946 enim
481 887 588 964 ipsam
610 884 921 947 demonstrationem
936 886 1046 949 defen-

28 968 152 1030 sionum
175 981 321 1040 tuarum,
337 969 395 1031 abs
417 978 449 1029 te
466 970 536 1049 ipso
552 978 850 1042 commemoratam,
865 970 1047 1034 doctrinam

27 1072 94 1114 esse
117 1075 185 1115 non
202 1055 399 1116 mediocrem
422 1064 510 1135 puto.
555 1053 664 1131 Atqui,
680 1055 707 1114 si
731 1055 781 1115 ita
802 1055 922 1134 placet,
942 1057 1048 1135 inquit

27 1138 199 1209 Antonius
221 1138 391 1199 trademus
414 1138 524 1208 etiam,
546 1157 618 1216 quae
645 1157 704 1199 nos
725 1140 817 1217 sequi
843 1141 877 1199 in
899 1139 1047 1213 dicendo,

26 1241 162 1303 quaeque
175 1223 320 1284 maxime
332 1231 492 1303 spectare,
503 1223 663 1283 solemus:
687 1222 797 1283 docuit
809 1225 897 1283 enim
904 1225 976 1301 jam
989 1245 1047 1287 nos

26 1306 126 1384 longa
142 1309 214 1369 vita
229 1326 371 1384 ususque
387 1326 497 1367 rerum
512 1307 741 1376 maximarum,
757 1316 802 1379 ut,
817 1307 934 1386 quibus
949 1309 1046 1371 rebus

27 1392 127 1451 animi
142 1391 315 1452 hominum
329 1401 547 1461 moverentur,
562 1400 757 1452 teneremus.
782 1422 784 1426 v

69 1474 120 1537 Ll.
145 1474 310 1554 Equidem
338 1476 478 1555 primum
504 1475 711 1536 considerare
738 1474 836 1545 soleo,
861 1475 1045 1555 postuletne

28 1579 151 1620 causa:
174 1579 253 1619 nam
275 1572 382 1637 neque
398 1560 509 1638 parvis
524 1560 558 1619 in
573 1558 672 1619 rebus
696 1558 889 1619 adhibendae
904 1569 980 1619 sunt
995 1559 1046 1622 hae

27 1643 156 1704 dicendi
173 1642 274 1713 faces
289 1662 395 1721 neque
411 1644 460 1703 ita
475 1644 630 1704 animatis
646 1643 840 1715 hominibus
856 1652 892 1704 ut
907 1644 987 1705 nihil
1003 1644 1047 1706 ad

28 1747 143 1789 eorum
157 1737 287 1788 mentes
310 1729 457 1788 oratione
481 1727 662 1788 flectendas
686 1726 843 1808 proficere
867 1729 1047 1809 possimus;

27 1831 68 1872 ne
84 1821 145 1873 aut
160 1812 310 1873 irrisione
335 1820 393 1871 aut
416 1811 489 1873 odio
511 1811 602 1889 digni
624 1823 786 1891 putemur,
802 1813 829 1872 si
845 1821 903 1873 aut
925 1822 1047 1891 tragoe·

29 1895 99 1957 dias
114 1914 258 1974 agamus
273 1897 307 1956 in
323 1897 427 1972 nugis,
443 1905 501 1956 aut
516 1897 701 1959 convellere
715 1896 903 1957 adoriamur
915 1917 1047 1976 eaquae

29 1999 93 2042 non
104 1982 230 2061 possint
243 1981 450 2040 commoveri.
497 1977 594 2051 Nam,
607 1981 761 2058 quoniam
776 1979 847 2040 haec
862 1980 929 2041 fere
945 1983 1048 2043 maxi-

30 2067 81 2124 me
103 2074 182 2125 sunt
206 2065 240 2125 in
259 2063 409 2142 judicum
425 2065 543 2124 animis
568 2064 648 2143 (aut,
663 2065 847 2143 quicunque
872 2065 920 2126 illi
943 2075 1048 2139 erunt,

31 2149 117 2229 apud
129 2167 212 2229 quos
227 2148 376 2227 agemus)
395 2150 543 2209 oratione
558 2147 732 2220 molienda,
744 2168 844 2217 amor,
854 2148 973 2223 odium,
986 2151 1048 2212 ira-

31 2233 161 2302 cundia,
176 2232 312 2303 invidia,
328 2232 560 2303 misericordia,
575 2253 657 2312 spes
673 2233 798 2304 laetitia,
813 2234 919 2306 timor,
933 2235 1048 2296 moles·

30 2319 99 2390 tia;
122 2318 283 2378 sentimus
299 2326 444 2378 amorem
458 2316 637 2386 conciliari,
653 2318 679 2377 si
694 2316 726 2377 id
741 2317 883 2389 videare,
899 2318 984 2397 quod
1005 2319 1048 2380 sit

29 2404 110 2463 utile
127 2403 216 2482 ipsis,
232 2401 320 2480 apud
335 2421 415 2479 quos
438 2421 530 2478 agas,
545 2399 739 2472 defendere3
762 2402 790 2461 si
805 2411 872 2471 aut¹
878 2422 938 2482 pro
956 2403 1049 2464 bonis

29 2487 118 2553 viris,
134 2493 195 2546 aut
210 2485 297 2546 certe
313 2505 371 2564 pro
386 2487 435 2558 ile,
447 2487 503 2564 qui
517 2486 581 2546 illis
596 2484 672 2546 boni
688 2493 786 2562 atque
802 2487 899 2550 utiles
915 2488 989 2557 sint,
1002 2486 1047 2547 la-

28 2569 169 2631 borare:
193 2588 334 2647 namque
350 2568 420 2631 haec
445 2590 497 2630 res
519 2588 665 2631 amorem
684 2568 791 2645 magis
807 2570 968 2640 conciliat,
990 2570 1049 2630 illa

29 2655 164 2715 virtutis
178 2652 325 2713 defensio
347 2655 530 2724 caritatem,
545 2655 681 2734 plusque
706 2653 842 2731 proficit,
857 2655 884 2712 si
900 2655 1048 2733 proponi·

30 2748 84 2799 tur
98 2758 177 2819 spes
192 2737 345 2797 utilitatis
360 2738 488 2805 futurae,
503 2738 599 2816 quam
621 2738 779 2818 praeteriti
795 2736 947 2798 beneficii
963 2757 1048 2798 com·

30 2823 235 2884 memoratio.
280 2819 480 2883 Enitendum
496 2831 554 2891 est,
570 2832 607 2882 ut
622 2821 784 2893 ostendas
796 2821 830 2881 in
845 2822 884 2881 ed
898 2841 933 2882 re
949 2840 1049 2901 quam

30 2906 200 2977 defendas,
216 2915 274 2965 aut
298 2905 495 2982 dignitatem
518 2907 634 2978 inesse,
655 2915 713 2968 aut
738 2906 936 2979 utilitatem3
959 2927 1048 2969 eum-

31 3010 103 3068 que,
118 2991 174 3052 cui
187 2988 341 3051 concilies
356 2990 442 3051 hunc
458 3010 613 3062 amorem,
629 2991 793 3068 significes
809 2990 889 3053 nihil
904 2991 947 3051 ad
962 2994 1049 3053 utili·

30 3082 135 3136 tatem
151 3093 247 3134 suam
262 3073 421 3145 retulisse,
437 3093 477 3134 ac
492 3073 572 3135 nihil
592 3075 722 3136 omnino
734 3075 850 3136 fecisse
866 3076 966 3136 causa
980 3077 1047 3137 sud.

31 3157 199 3220 Invidetur
228 3159 317 3219 enim
346 3157 523 3219 commodis
549 3158 717 3220 hominum
744 3161 910 3238 ipsorum3
934 3160 1049 3220 studiis

33 3251 145 3304 autern
160 3262 274 3304 eorum
287 3244 413 3303 caeteris
425 3240 652 3303 commodandi
664 3243 804 3303 favetur.
849 3241 1048 3303 Videndum·

32 3346 92 3404 que
109 3327 172 3388 hoc
188 3328 260 3388 loco
276 3336 335 3398 est,
350 3347 401 3398 ne,
416 3346 496 3405 quos
519 3325 561 3387 ob
583 3325 761 3387 benefacta
783 3324 875 3402 diligi
890 3324 1049 3398 volemus,

33 3431 146 3472 eorum
161 3410 294 3471 laudem
306 3418 404 3489 atque
416 3411 555 3488 gloriam
569 3409 635 3488 (cui
647 3410 789 3469 maxime
801 3409 939 3470 invideri
950 3409 1046 3489 solet)

33 3496 129 3556 nimis
145 3492 264 3555 efferre
279 3494 460 3556 videamur.
506 3494 614 3572 Atque
635 3493 750 3554 iisdem
775 3492 826 3553 his
849 3513 890 3554 ex
914 3494 994 3556 locis
1016 3505 1050 3558 et

32 3578 143 3640 odium
165 3580 200 3639 in
225 3578 308 3638 alios
331 3589 456 3639 struere
482 3578 653 3647 discemus,
669 3586 701 3638 et
717 3598 738 3638 a
753 3577 847 3638 nobis
870 3598 910 3639 ac
933 3583 1050 3642 nostris

33 3661 225 3724 demovere:
248 3661 428 3740 eademque
444 3662 514 3722 haec
530 3681 654 3738 genera
668 3661 842 3723 tractanda
853 3672 928 3723 sunt
940 3666 972 3723 in
985 3666 1048 3724 ira-

34 3747 151 3808 cundia
166 3747 218 3808 vel
236 3746 411 3806 excitandi
425 3746 479 3806 vel
494 3745 655 3806 sedandi:
679 3765 766 3817 narn,
789 3747 826 3816 si,
852 3746 937 3824 quod
960 3748 1048 3825 ipsis,

34 3833 86 3910 qui
101 3830 251 3903 audiunt,
266 3830 485 3910 perniciosum
508 3838 567 3889 aut
589 3828 705 3891 inutile
728 3831 778 3900 sit,
799 3828 832 3887 id
851 3829 977 3887 factum
991 3846 1046 3886 au·
