2452 4290
155 400 198 459 60
435 410 475 453 nn
496 409 639 451 onerose
660 409 749 451 anns
770 406 891 452 remus.

154 561 349 624 terfamilias
365 559 442 621 ante
457 558 545 631 fecit,
559 559 658 637 quam
672 559 703 619 ei
718 558 806 619 filius
820 565 920 621 natus
935 565 1030 630 esset,
1040 557 1191 621 haeredi-

154 656 260 709 tatem
285 641 391 726 petiti
423 663 538 705 nemo:
561 644 640 723 quia
667 651 804 715 constat,
830 642 1040 719 agnascendo
1065 646 1192 724 rumpi

154 738 400 792 testamentum.
445 727 535 806 Ergo
558 730 592 789 in
615 726 676 789 hoc
695 746 815 804 genere
835 728 920 805 juris
939 726 1067 806 judicia
1082 729 1194 789 nulla

154 824 240 876 sunt.
286 814 380 875 Licet
395 814 496 892 igitur
512 813 644 893 impune
660 813 781 873 oratori
796 831 927 873 omnem
943 810 1028 872 hanc
1044 822 1193 892 partem

155 901 240 979 J'uris
266 900 300 960 in
340 897 569 961 controversiis
603 899 765 974 ignorare,
784 916 857 975 quae
880 915 957 976 pars
981 897 1050 956 sine
1075 895 1194 959 dubio

155 983 257 1045 multo
272 983 419 1043 maxima
435 992 504 1044 est:
527 984 562 1045 in
586 1001 625 1042 eo
648 991 760 1042 autem
779 981 865 1058 jure,
887 981 973 1059 quod
997 979 1195 1058 ambigitur

156 1070 240 1129 inter
263 1068 485 1147 peritissime,
500 1086 566 1127 non
585 1075 635 1126 est
658 1064 789 1126 difficile
814 1066 945 1137 oratori,
968 1067 1040 1143 ejus
1062 1067 1194 1145 partiS,

154 1171 385 1230 quamcunque
411 1150 575 1222 defendat,
601 1159 769 1211 auctorem
793 1150 937 1228 aliquem
962 1151 1139 1222 invenire;
1169 1171 1195 1211 a

154 1237 309 1315 quocum
325 1244 513 1296 amentatas
536 1233 650 1295 hastas
673 1234 847 1313 acceperit,
863 1234 931 1315 ipse
955 1252 1013 1294 eas
1036 1237 1194 1295 oratoris

155 1321 287 1381 lacertis
303 1319 492 1398 viribusque
516 1317 699 1398 torquebit:
722 1320 784 1379 nisi
799 1317 877 1379 vero
894 1317 992 1397 (bona
1005 1318 1105 1378 venia
1121 1318 1193 1380 hu-

156 1407 212 1482 jus
227 1406 342 1485 optimi
357 1405 420 1465 viri
435 1405 582 1475 dixerim,
603 1401 774 1477 Scaevolae)
799 1411 845 1473 tu,
869 1402 988 1463 libellis
1012 1410 1070 1462 aut
1096 1421 1194 1482 prae-

155 1490 259 1569 ceptis
273 1490 378 1550 soceri
393 1489 452 1560 tui,
467 1507 605 1551 oausam
618 1486 725 1549 Manii
737 1485 827 1548 Curii
838 1485 1022 1548 defendisti.
1056 1485 1194 1549 Nonne

155 1574 324 1655 arripuisti
347 1574 567 1654 patrocinium
591 1573 765 1650 aequitatis,
780 1580 814 1633 et
829 1570 1052 1632 defensionem
1074 1579 1193 1634 testa-

154 1667 348 1729 mentorum,
363 1675 403 1717 ac
419 1657 600 1718 voluntatis
615 1653 840 1717 mortuorum?
886 1655 1030 1729 names
1044 1655 1191 1735 quidem

155 1742 327 1813 sententia,
346 1740 511 1821 (frequens
535 1742 624 1802 enim
638 1749 672 1802 te
688 1739 810 1811 audivi,
835 1748 934 1819 atque
959 1738 1054 1819 affui)
1071 1741 1193 1803 multo

154 1827 315 1903 majorem
329 1833 460 1907 partem
475 1826 716 1887 sententiarum
731 1823 800 1884 sale
815 1832 873 1884 tuo
888 1833 921 1885 et
937 1824 1057 1904 lepore,
1073 1834 1107 1885 et
1124 1845 1193 1906 po·

157 1910 314 1972 litissimis
337 1910 476 1982 facetiis
499 1910 672 1991 pellexisti,
697 1911 772 1970 clim
788 1916 820 1969 et
835 1907 917 1969 illud
936 1909 1074 1969 nimium
1101 1928 1192 1972 acu-

155 2014 232 2056 men
247 1994 411 2067 illuderes
426 1989 459 2056 et
475 1994 676 2056 admirarere
691 1993 862 2070 ingenium
874 1991 1042 2063 Scaevolae,
1054 1994 1112 2071 qui
1126 2014 1192 2057 ex-

153 2079 340 2157 cogitasset,
363 2080 456 2140 nasci
479 2080 569 2160 priris
593 2087 741 2158 oportere
768 2076 866 2154 quem
892 2077 1013 2147 emori3
1037 2078 1191 2158 cumque

156 2163 262 2225 multa
278 2163 458 2241 colligeres
470 2171 503 2223 et
518 2182 560 2224 ex
575 2161 703 2239 legibus
715 2170 748 2222 et
768 2180 810 2222 ex
825 2162 1133 2234 senatilsconsultiS,
1152 2173 1191 2225 et

156 2266 198 2308 ex
212 2247 281 2308 vita
296 2267 336 2307 ac
352 2266 500 2308 sermone
517 2247 691 2317 communi,
701 2265 765 2306 non
776 2243 874 2305 modo
886 2245 993 2317 acute,
1004 2245 1062 2306 sed
1074 2248 1190 2309 etiam

155 2329 291 2392 ridicule
307 2351 347 2392 ac
363 2330 491 2403 facete3
514 2331 571 2392 ubi
586 2331 613 2391 si
629 2328 741 2401 verba,
765 2349 830 2390 non
853 2349 932 2402 rem,
955 2349 1189 2407 sequeremur,

156 2415 272 2476 confici
287 2415 333 2475 nil
345 2425 464 2496 posset.
498 2415 611 2494 ltaque
624 2413 801 2475 hilaritatis
812 2415 946 2494 plenum
958 2414 1122 2492 judicium
1141 2436 1188 2477 ac

143 2498 279 2561 'loetitiae
294 2498 357 2561 fuit
369 2522 378 2572 3
401 2501 435 2560 in
450 2520 514 2580 quo
525 2498 603 2578 quid
615 2498 675 2560 tibi
685 2499 770 2577 juris
782 2500 889 2560 civilis
900 2499 1092 2560 exercitatio
1105 2518 1188 2579 pro-

155 2582 264 2656 fuerit,
279 2604 344 2645 non
359 2585 526 2663 intellig03
548 2583 678 2645 dicendi
693 2585 744 2644 vis
755 2585 900 2662 egregia,
916 2581 1187 2646 summifestivi-

155 2676 226 2730 tate
242 2678 275 2731 et
289 2678 465 2731 venustate
482 2669 666 2747 conjuncta,
682 2668 813 2748 profuit.
858 2667 931 2748 Ipse
955 2668 1011 2729 ille
1034 2666 1187 2743 Mucius,

114 2774 118 2784 ’
155 2755 286 2833 paterni
308 2755 393 2831 juris
408 2753 568 2826 defensor,
584 2761 617 2813 et
632 2753 727 2831 quasi
742 2753 929 2832 patrimonii
953 2761 1188 2833 propugnator

156 2838 217 2910 sui,
242 2838 318 2916 quid
342 2840 377 2899 in
400 2838 457 2899 iila
481 2837 590 2909 causei,
615 2839 691 2898 cum
714 2846 829 2898 contra
852 2845 885 2897 te
905 2836 1039 2907 diceret,
1054 2837 1187 2912 attulit,

157 2921 243 3001 quod
258 2921 385 3000 dejure
402 2923 492 2983 civili
508 2921 712 3002 depromtum
734 2918 922 2983 videretur?
947 2940 1045 3000 quam
1068 2921 1187 2998 legem

156 3003 334 3068 recitavit?
357 3005 435 3086 quid
450 3006 609 3086 patefecit
624 3003 771 3078 dicendo,
786 3005 871 3085 quod
887 3005 1002 3068 fuisset
1017 3006 1186 3085 imperitis

156 3087 343 3153 occultius?
367 3110 485 3172 nempe
501 3092 572 3170 ejus
588 3092 692 3151 omnis
715 3091 821 3151 oratio
845 3100 979 3151 versata
1001 3098 1050 3151 est
1072 3091 1107 3150 in
1129 3112 1185 3165 eo,

156 3185 195 3236 ut
210 3176 368 3257 scriptum
383 3176 561 3257 plurimum
584 3175 697 3236 valere
722 3183 873 3256 oportere
889 3173 1087 3236 defenderet.
1135 3175 1186 3237 At

157 3261 192 3322 in
206 3258 269 3321 hoc
284 3280 405 3339 genere
430 3261 524 3340 pueri
548 3258 636 3341 apud
656 3261 831 3338 magistros
847 3267 1041 3321 exercentur
1056 3279 1185 3335 omneS,

158 3346 233 3406 oiim
248 3346 282 3406 in
297 3345 457 3423 ejusmodi
472 3345 581 3407 causis
597 3344 680 3405 alias
698 3346 864 3424 scriptum,
880 3344 963 3405 alias
978 3344 1185 3423 aequitatem,

157 3428 332 3491 defendere
356 3429 523 3491 docentur.
567 3427 613 3490 Et
630 3428 753 3510 (credo)
771 3430 805 3490 in
820 3429 876 3489 illa
889 3429 1002 3490 militis
1026 3430 1138 3501 causa,
1156 3432 1185 3492 si

157 3523 194 3574 tu
210 3522 270 3575 aut
283 3512 449 3576 haeredem
464 3524 523 3575 aut
537 3514 676 3575 militem
690 3512 898 3585 defendisses,
914 3513 957 3574 ad
972 3510 1185 3576 Hostilianas

158 3606 190 3659 te
207 3599 363 3670 actiones,
378 3618 444 3660 non
468 3598 511 3659 ad
534 3607 628 3659 tuam
643 3599 711 3659 vim
726 3607 760 3660 et
775 3600 952 3659 oratoriam
975 3597 1185 3672 facultatem,

158 3682 361 3743 contulisses.
405 3682 459 3744 Tu
481 3681 570 3755 vero,
592 3681 647 3743 vel
671 3683 698 3742 si
718 3690 954 3744 testamentum
978 3681 1185 3757 defenderes

158 3766 206 3826 sic
223 3785 350 3844 ageres,
364 3774 402 3828 ut
416 3786 512 3829 omne
525 3769 670 3828 omnium
681 3776 952 3830 testamentorum
964 3768 1020 3845 jus
1031 3768 1066 3828 in
1077 3788 1117 3830 eo
1127 3770 1183 3847 ju·
1214 3778 1216 3785 ⁴

158 3849 244 3911 dicio
258 3851 402 3930 positum
417 3849 606 3922 videretur3
629 3853 684 3914 vel
707 3854 735 3913 si
758 3872 896 3914 causam
917 3871 1035 3933 ageres
1056 3853 1182 3915 militis.
