2434 4286
140 359 199 417 132
395 375 435 416 nu
456 372 597 416 onxronu
618 374 707 415 arran
728 363 889 417 securioris.

136 524 241 602 piss03
274 519 429 615 Quidni,
421 522 535 599 inquit,
557 521 770 582 uicmiucriml
792 541 952 602 nunquam
967 521 1051 583 euim
1073 542 1154 584 rece·

129 607 258 688 pisscm,
272 604 335 665 nisi
349 613 384 664 tu
392 604 605 689 perdidisses.

179 689 310 751 Suntt
278 700 310 750 et
313 690 380 750 Iam
401 689 461 749 illa
476 686 689 785 subabsurda,
704 688 761 749 sed
776 709 816 750 eo
833 691 904 769 ipso
919 690 1050 750 nomine
1067 689 1155 770 sape
1205 714 1206 731 ι

136 773 284 844 ridicula,
300 793 364 833 non
387 773 492 847 solum
507 773 615 866 mimis
637 775 858 854 perapposita,
873 772 931 834 sed
953 774 1055 835 etiam
1078 792 1155 852 quo·

136 856 309 919 dammodo
323 856 434 917 nobis:
1205 870 1206 889 ι

413 987 499 1041 Homo
503 985 611 1055 satum,

292 1072 435 1140 Postquam
447 1089 501 1122 ιιιιι
513 1070 604 1121 habere
616 1069 698 1137 cupit,
711 1076 750 1122 est
772 1077 922 1123 emortum:
940 1078 967 1122 et

417 1154 488 1218 Quid
499 1161 538 1204 est
551 1153 596 1204 tibi

291 1238 350 1291 Isto
361 1237 475 1291 mulier?
506 1236 585 1289 Uxor.
625 1236 734 1298 Similis,
746 1237 847 1288 medius
851 1236 955 1302 fidium
974 1244 1001 1289 et

294 1320 426 1386 Quamdiu
438 1321 473 1372 od
484 1337 565 1391 aquus
570 1317 640 1388 fuit,
649 1336 780 1388 uunquam
792 1327 830 1371 cst
841 1329 982 1374 emortuus.

40 1402 67 1439 ιι

179 1443 322 1506 LXVIII.
345 1444 458 1506 Genus
472 1443 533 1506 hoc
556 1444 670 1516 levius,
686 1452 728 1515 et,
742 1452 779 1505 ut
794 1443 870 1516 dixi,
884 1446 1075 1517 mimicum
1097 1443 1156 1506 sed
1205 1482 1206 1485 =

135 1527 236 1589 habet
258 1547 491 1607 nonnunquam
507 1527 629 1608 ahquid
645 1529 745 1589 etiam
761 1526 849 1607 apud
871 1548 929 1589 nos
950 1529 1023 1601 loci,
1039 1537 1078 1591 ut
1100 1529 1155 1590 vel

135 1630 201 1673 non
217 1613 343 1684 stultus,
355 1613 449 1691 quasi
464 1611 570 1684 stulte,
586 1632 661 1672 cum
676 1612 746 1672 sale
761 1611 850 1672 dicat
866 1611 1007 1691 aliquid:
1031 1621 1068 1673 ut
1084 1612 1156 1684 tibi,

136 1696 269 1767 Antoni,
281 1695 473 1767 Mancia,
439 1715 514 1756 cum
525 1694 668 1757 audisset
656 1704 717 1756 tte
732 1714 900 1760 censorem
913 1717 934 1756 a
946 1695 992 1757 M
1006 1694 1156 1758 Duronio

136 1780 176 1841 de
192 1779 319 1841 ambitu
330 1779 540 1860 postulatum,
555 1777 745 1859 Aliquando,
760 1779 874 1857 inquit,
886 1779 943 1839 tibi
957 1790 1042 1840 tuum
1058 1801 1155 1862 nego

136 1864 214 1923 tium
228 1884 323 1945 ogere
338 1862 447 1924 licebit.
492 1862 598 1924 Valde
620 1861 690 1929 haec
706 1863 860 1934 ridentur,
872 1872 914 1934 et,
928 1862 1071 1936 hercule,
1087 1884 1155 1925 orn-

136 1949 202 2018 nia,
217 1967 289 2027 qnae
305 1969 326 2008 a
348 1946 571 2028 prudentibus,
586 1947 679 2027 quasi
701 1966 760 2026 per
774 1946 1066 2008 dissimulationem
1088 1968 1155 2009 non

136 2031 350 2109 intelligendi,
365 2030 567 2093 subabsurde
582 2031 731 2110 salseque
747 2029 908 2092 dicuntur.
953 2030 1004 2092 Ex
1018 2051 1083 2109 quo
1098 2052 1156 2115 ges

136 2134 215 2175 nere
230 2125 279 2176 est
295 2117 406 2187 etiam,
422 2134 486 2175 non
501 2114 606 2176 videri
620 2115 803 2192 intelllgere
818 2113 903 2193 quod
916 2114 1096 2209 intelligas,
1118 2110 1156 2177 ιι1
1205 2102 1206 2135 ¹

137 2196 315 2269 Pontidius
340 2196 473 2269 Qualem
488 2197 564 2258 exist
566 2196 655 2296 imus,
668 2197 723 2279 qui
738 2197 772 2257 iu
786 2196 939 2258 adulterio
955 2194 1156 2280 deprehendi·

137 2283 214 2342 tur?
255 2280 415 2342 Tardum:
437 2290 474 2343 ut
490 2292 561 2360 ego,
576 2283 631 2363 qui
647 2283 681 2342 in
696 2282 835 2353 deleam,
847 2279 918 2342 Met
906 2282 993 2353 tello,
1009 2302 1084 2342 oum
1099 2303 1155 2343 ex-

137 2366 341 2427 cusationem
352 2366 520 2427 oculorum
536 2385 558 2426 a
569 2386 697 2427 menon
710 2366 884 2447 acciperet,
895 2375 928 2426 et
943 2366 1087 2437 deisset,
1106 2364 1155 2426 Τιι

137 2449 240 2531 igilur
253 2448 335 2510 nihil
348 2448 456 2511 vides?
485 2446 562 2532 Ego
577 2454 657 2521 vcro,
672 2451 815 2528 inquam,
830 2469 850 2508 u
868 2453 961 2531 portu
978 2411 1155 2533 Esquilini

137 2533 223 2593 video
237 2531 369 2594 villumt
358 2543 463 2594 t:uom
485 2533 618 2595 utillud
640 2532 782 2630 Nasicae,
797 2534 852 2611 qui
868 2552 941 2594 cum
957 2532 999 2594 ad
1021 2538 1155 2612 positam

137 2616 282 2680 Ennium
290 2619 434 2679 venisset
436 2638 556 2697 eique,
564 2617 666 2678 ab
617 2626 666 2678 ost
667 2638 699 2678 ro
706 2636 836 2695 quaeren
838 2616 1156 2688 tiEunium,anoilla

137 2700 270 2762 dixisset
258 2700 549 2772 t,dominonesse;
571 2699 697 2761 Nasica
709 2700 1155 2778 sensi‚1IIamdom1nrJussu
1205 2704 1206 2707 ’

138 2784 266 2855 dixisse,
282 2792 315 2845 et
337 2785 429 2847 illum
445 2787 532 2846 intus
547 2803 636 2845 esse:
663 2784 779 2864 paucis
793 2793 867 2863 post
881 2783 1006 2854 diebus
1021 2785 1097 2845 oum
1113 2784 1156 2847 ad

138 2866 296 2928 Nasicam
312 2870 456 2930 venisset
471 2868 607 2939 Ennius
623 2876 655 2928 et
671 2886 747 2928 eum
764 2887 784 2931 a
795 2867 900 2944 janui
914 2878 1085 2962 quaereret,
1101 2889 1154 2929 ex·

138 2950 262 3011 clamat
284 2950 418 3022 Nasica,
434 2951 570 3012 sodomi
594 2971 658 3011 non
674 2969 765 3012 esse:
786 2961 858 3011 tum
882 2949 1017 3022 Ennius
1041 2949 1156 3021 Quid?

137 3053 194 3113 ego
208 3053 270 3093 uon
292 3054 444 3116 cognosco
467 3055 576 3106 vocem,
591 3036 704 3114 inquit,
719 3035 828 3097 tuam?
814 3033 922 3095 lHio
938 3033 1073 3105 Nasica,
1089 3033 1155 3096 Ho-
1205 3102 1206 3109 ,

137 3137 185 3176 ino
199 3137 232 3176 cs
246 3115 429 3200 impudens:
450 3139 509 3200 ego
524 3120 593 3178 oiim
607 3128 635 3178 te
650 3138 828 3198 quaercrem,
839 3116 965 3179 cucillae
978 3127 1039 3179 iuae
1054 3119 1155 3181 credi-

138 3199 180 3272 di,
195 3209 223 3262 ic
238 3201 396 3263 dominon
411 3223 494 3262 csse:
516 3213 550 3262 tu
516 3201 642 3262 tmilii
656 3222 718 3269 uou
732 3200 834 3262 credis
849 3202 934 3300 iuri?

180 3284 241 3346 Est
256 3284 380 3348 bellum
393 3286 474 3347 illud
489 3304 626 3365 quoque,
641 3305 682 3346 ex
697 3305 761 3365 quo
776 3287 812 3356 is,
827 3306 883 3365 qur
874 3285 988 3356 dixit,
1002 3285 1157 3348 irridetur
1205 3292 1206 3303 ²

138 3389 173 3428 ιιι
188 3389 308 3448 eorpso
323 3390 453 3447 genere
468 3390 531 3449 quo
545 3369 644 3430 dixit
667 3378 703 3429 ut
705 3368 859 3444 ,ode.
875 3368 1024 3450 Opimius
1040 3390 1155 3431 consu
1205 3378 1206 3459 ι

139 3452 218 3512 laris
241 3454 297 3532 qui
321 3452 509 3514 adolescent
510 3451 584 3513 ulus
606 3452 693 3513 male
716 3452 869 3525 audisset,
891 3454 1009 3514 festivo
1031 3451 1156 3514 homini

138 3534 258 3613 Egilio,
282 3537 337 3614 qui
362 3536 528 3598 videretur
551 3536 687 3607 mollior,
701 3557 763 3598 nec
784 3545 879 3608 esset,
897 3536 1040 3608 dixisset,
1067 3536 1156 3607 Quid

139 3627 181 3688 tu,
194 3617 309 3700 Egilia
325 3639 407 3679 ιιιια.
404 3620 416 3668 7
437 3620 562 3698 quaudo
576 3622 619 3681 ud
633 3640 678 3679 mc
690 3620 854 3681 caniacum
866 3625 921 3681 tud
934 3619 1041 3680 coluit
1056 3619 1141 3682 lund

139 3698 319 3844 Νοιιᾶιιοὶ,
288 3704 424 3781 ,mquit,
402 3703 557 3764 1.·αιιι1ιο
580 3723 653 3764 uum
671 3723 717 3764 me
732 3702 928 3787 adsumosos
942 3704 1038 3766 uetuit
1057 3714 1156 3766 muter

139 3802 210 3843 occe
232 3803 283 3844 cre
