2434 4286
151 388 210 448 112
410 403 449 446 aa
470 402 612 444 onerosa
633 403 721 444 amaa
743 401 904 444 secururs.

147 549 344 613 adumbrare
359 550 506 622 dicendo,
521 569 627 629 neque
644 558 738 612 actor
753 568 858 611 essem
873 549 991 610 alienae
1009 568 1172 631 personae,

147 636 205 698 sed
220 646 336 697 auctor
350 654 442 705 meae,
457 637 532 696 cum
552 634 632 695 mibi
656 632 701 697 M'
718 634 869 713 Aquilius
888 635 1074 695 incivitate
1092 638 1171 697 reti·
1200 668 1201 763 p

146 719 273 781 nendus
288 728 383 791 essct,
398 738 471 798 quae
494 720 528 779 in
546 719 603 779 illa
617 719 717 779 causti
741 718 921 797 peroranda
935 719 1080 790 fecerim,
1096 721 1171 785 sine

146 824 267 882 magno
278 804 388 865 dolore
398 803 525 864 fecisse.
569 803 679 878 Quem
695 807 783 865 enim
799 822 861 879 ego
873 804 1040 865 consulem
1056 804 1172 876 fuisse,
1200 812 1201 847 ³

145 886 376 970 imperatorem
391 900 544 949 ornatum
560 907 581 947 a
596 898 723 960 senatu,
738 898 893 949 ovantem
915 890 948 948 in
965 886 1172 968 Capitolium

146 973 353 1036 adscendisse
368 974 609 1043 meminissem
631 969 716 1034 huuc
733 974 807 1034 cum
830 971 999 1043 afflictum,
1015 972 1172 1049 debilita-¹
1201 962 1202 1011 l

145 1068 226 1131 tum,
241 1069 443 1127 moerentem,
458 1059 491 1118 in
502 1075 670 1117 summum
685 1056 859 1117 discrimen
876 1055 1054 1118 adductum
1076 1058 1172 1120 vide-

145 1163 226 1215 rem,
237 1162 302 1204 non
316 1144 406 1223 prius
421 1161 494 1202 sum
509 1151 646 1202 conatus
661 1139 918 1202 misericordiam
934 1142 1008 1201 aliis
1024 1161 1171 1204 commo·

145 1247 233 1298 vere,
247 1228 345 1306 quam
368 1224 588 1288 misericordia
606 1244 679 1285 sum
701 1227 770 1305 ipse
787 1234 912 1305 captus,
957 1224 1052 1286 Sensi
1077 1228 1171 1306 equi·

146 1311 230 1384 dem,
253 1322 324 1372 tum
349 1329 471 1387 magno
494 1329 593 1389 opere
616 1311 740 1370 moveri
761 1310 899 1387 judices,
923 1310 998 1370 cirrn
1021 1312 1173 1372 excitavi
1202 1368 1203 1377 ,

145 1404 299 1456 moestum
315 1415 355 1456 ac
371 1393 571 1456 sordidatum
587 1413 709 1464 senem,
725 1403 758 1456 et
774 1395 928 1455 cumista
943 1392 1016 1465 feci,
1031 1415 1105 1473 quae
1123 1405 1173 1467 tu,
1202 1414 1203 1463 l

146 1479 273 1551 Crasse,
288 1479 414 1549 laudas
428 1499 493 1540 non
516 1488 597 1548 arte,
612 1476 652 1537 de
668 1478 731 1556 qud
745 1477 822 1557 quid
845 1479 960 1556 loquar
974 1480 1094 1551 nescio,
1111 1479 1172 1540 sed

146 1574 235 1625 motu
256 1583 377 1642 magno
393 1564 494 1623 animi
518 1582 557 1623 ac
574 1562 693 1623 dolore.
709 1572 745 1623 ut
769 1561 984 1623 discinderem
1007 1564 1172 1636 tunicam,
1203 1550 1204 1629 l

145 1658 184 1710 ut
209 1649 381 1709 cicatrices
410 1646 624 1708 ostenderem.
669 1644 752 1707 cum
776 1644 811 1706 C.
838 1645 966 1708 Marius
992 1666 1173 1709 maerorem

147 1734 304 1793 orationis
319 1750 401 1793 meae
416 1750 559 1811 praesens
582 1749 622 1792 ac
638 1729 753 1791 sedens
767 1731 907 1791 multum
922 1731 1077 1812 lacrymis
1100 1735 1173 1794 suis

147 1815 502 1895 adjuvaret30i1mque
526 1835 597 1892 ego,
621 1816 713 1876 illum
736 1814 850 1876 crebrb
874 1816 1054 1895 appellans,
1071 1816 1173 1878 colle·
1204 1842 1205 1879 l

135 1921 225 1979 ‚gam
236 1902 268 1962 ei
284 1919 379 1961 suum
392 1897 665 1972 commendarem,
678 1908 776 1977 atque
792 1900 900 1979 ipsum
914 1897 1114 1961 aduocatum
1129 1901 1175 1962 ad
1204 1884 1205 1955 l

148 2004 355 2046 communem
378 1986 611 2064 imperatorem
634 1984 799 2044 fortunam
814 1983 1053 2045 defendendam
1069 1986 1174 2047 'invo-

148 2088 280 2141 carem;
303 2089 367 2130 non
382 2068 445 2130 fuit
460 2067 530 2129 baec
542 2070 612 2128 sine
625 2069 707 2129 meis
723 2068 887 2148 lacrymis,
896 2088 961 2129 non
976 2069 1045 2129 sine
1058 2067 1174 2132 dolore

148 2171 279 2230 magno,
301 2153 479 2221 miseratio,
494 2153 704 2232 omniumque
726 2149 872 2213 Deorum
888 2162 921 2214 ct
944 2152 1113 2214 hominum
1139 2163 1174 2216 et
1205 2136 1206 2217 l

149 2238 273 2298 civium
289 2245 322 2298 et
337 2237 499 2297 sociorum
522 2237 727 2317 imploratio:
750 2235 866 2315 quibus
885 2237 1036 2297 omnibus
1050 2238 1175 2310 verbis

149 2340 222 2399 quae
238 2341 260 2382 a
274 2341 327 2382 me
342 2330 414 2382 tum
429 2329 505 2382 sunt
520 2320 645 2392 habita,
661 2323 687 2381 si
703 2318 794 2383 dolor
811 2320 971 2382 abfuisset
985 2341 1088 2394 meus
1104 2343 1174 2384 non

148 2404 244 2467 modo
259 2425 324 2466 non
340 2404 546 2474 miserabilis,
561 2404 618 2467 sed
634 2407 735 2467 etiam
750 2404 923 2478 irridenda,
935 2404 1049 2467 fuisset
1064 2409 1175 2469 oratio

148 2508 234 2550 mea.
279 2489 505 2566 Quamobrem
530 2489 591 2551 hoc
606 2509 664 2550 vos
687 2489 797 2561 doce0,
821 2488 956 2569 Sulpici,
979 2489 1084 2550 bonus
1108 2512 1175 2570 ego

148 2573 303 2636 videlicet
327 2585 426 2653 atque
442 2575 588 2636 eruditus
612 2575 779 2652 magister,
795 2583 832 2636 ut
856 2573 1042 2636 indicendo
1061 2577 1174 2648 irasci,

148 2667 186 2719 ut
200 2657 319 2731 dolere,
335 2668 371 2719 ut
387 2652 475 2729 flere,
490 2660 628 2739 possitis.
673 2657 874 2737 Quanquam
896 2668 929 2718 te
945 2658 1076 2737 quidem
1091 2661 1175 2738 quid

148 2741 211 2804 hoc
227 2742 373 2814 doceam,
389 2744 454 2823 qui,
470 2744 504 2804 in
520 2742 707 2806 accusando
722 2742 827 2804 sodali
851 2750 886 2804 et
908 2752 1069 2821 quaestore
1086 2763 1175 2817 mee,

149 2834 281 2888 tantum
295 2827 483 2889 incendium
498 2848 564 2888 non
578 2828 726 2888 oratione
742 2827 855 2898 solum,
871 2826 928 2887 sed
950 2827 1053 2887 multo
1068 2829 1176 2890 etiam

149 2910 257 2989 magis
274 2912 316 2982 vi,
331 2920 365 2973 et
387 2910 506 2983 dolore,
522 2920 555 2973 et
580 2910 695 2972 ardore
712 2913 814 2972 animi
839 2911 1030 2983 concitaras,
1047 2927 1084 2972 ut
1109 2933 1175 2992 ego

150 2994 193 3055 ad
208 2995 241 3054 id
257 2995 525 3071 restinguendum
541 2997 596 3056 vix
612 3015 750 3056 conarer
765 2992 946 3057 accedere?
992 2994 1175 3059 Habueras

149 3079 239 3141 enim
255 3088 291 3139 tu
307 3079 417 3139 omnia
436 3081 468 3140 in
485 3080 585 3141 causa
600 3081 787 3160 superiora:
810 3081 888 3150 vim,
903 3079 1028 3156 fugam,
1043 3080 1175 3160 lapida-

148 3165 282 3234 tionem,
299 3163 526 3225 crudelitatem
542 3163 761 3236 tribuniciam,
777 3165 808 3224 in
825 3162 986 3245 Caepionis
1001 3167 1097 3241 gravi
1113 3169 1175 3228 mi·

149 3248 349 3326 serabilique
365 3267 455 3319 casu,
479 3249 513 3309 in
533 3248 695 3326 judicium
719 3248 884 3308 vocabas:
914 3247 1030 3308 deinde
1053 3250 1175 3328 princi-

149 3352 225 3414 pem
241 3342 275 3393 et
290 3334 423 3393 senatils
438 3342 471 3393 et
487 3333 641 3402 civitatis
657 3331 703 3394 Μ.
720 3330 900 3403 AEmilium,
916 3332 1023 3411 lapide
1040 3352 1175 3412 percus·

150 3437 223 3477 sum
239 3436 310 3477 esse
326 3416 520 3478 constabat:
543 3418 575 3476 vi
592 3416 722 3495 pulsum
739 3436 780 3477 ex
795 3417 918 3496 templo
935 3414 971 3478 L.
985 3415 1126 3489 Cottam,
1140 3430 1176 3481 ot

150 3501 188 3561 T.
205 3500 349 3572 Didium,
365 3502 440 3561 cum
462 3500 662 3562 intercedere
678 3501 801 3585 uellent
816 3502 987 3578 rogationi,
1003 3521 1101 3563 nemo
1117 3523 1175 3584 po-

149 3593 237 3645 terat
252 3604 385 3658 negare.

193 3668 337 3729 XLVlll.
362 3667 561 3740 Accedebat,
573 3678 609 3728 ut
625 3668 695 3730 haec
711 3677 747 3728 tu
763 3668 954 3731 adolescens
969 3690 1028 3750 pro
1042 3691 1077 3732 re
1091 3674 1174 3753 pub-

151 3750 215 3812 lica
225 3753 317 3829 queri
330 3753 456 3812 summa
468 3772 543 3813 cum
555 3752 715 3830 dignitate
729 3754 969 3826 existimarere3
993 3775 1063 3832 ego,
1073 3755 1175 3821 homo

152 3837 328 3904 censorius
345 3838 399 3896 vix
415 3835 495 3895 satis
510 3836 643 3896 honeste
659 3836 788 3901 viderer
802 3837 991 3900 seditiosum
1007 3842 1126 3904 civem.
1140 3858 1174 3904 et
