2452 4290
219 791 280 861 Μ.
321 787 565 861 TULLII
604 786 988 860 CICERONIS

587 998 627 1032 n,

430 1144 473 1212 Q.
508 1144 789 1204 FRATREM

340 1283 881 1374 DIouoclnnns

591 1506 630 1540 DE

427 1604 796 1713 onerose

501 2011 721 2056 nummum.

92 2163 137 2231 In
152 2184 205 2226 nis
219 2161 320 2236 libius,
334 2181 369 2224 nn
383 2160 496 2244 quibus
509 2159 574 2258 ipse
587 2159 649 2223 sili
662 2159 796 2243 mirifice
803 2160 929 2244 placuit
947 2161 1068 2237 Cicero,
1081 2163 1120 2227 de

139 2246 320 2330 eloquentia
336 2246 382 2308 ita
390 2244 551 2329 precipit,
561 2253 605 2317 ut,
616 2245 700 2327 quod
712 2245 792 2307 alios
806 2246 898 2320 docet,
910 2247 1013 2330 ipsum
1049 2247 1120 2310 lant

140 2340 320 2394 assecutum
334 2349 398 2390 esse
419 2337 580 2413 appareat.
624 2327 778 2427 Explicat
798 2341 901 2393 anum
918 2350 994 2393 suas
1035 2353 1051 2392 e
1073 2331 1118 2394 di-

140 2415 237 2480 cendi
250 2424 319 2476 arte
337 2416 505 2476 sententias
519 2413 576 2475 sub
590 2411 682 2477 Lucis
699 2412 820 2477 Licinii
838 2413 951 2477 Orassi
965 2423 995 2477 et
1008 2413 1120 2479 Marci

142 2497 279 2563 Antonii
293 2498 447 2582 personis,
462 2498 545 2579 quod
558 2498 601 2560 ad
614 2497 669 2560 lios
682 2497 818 2560 homines
831 2498 1013 2589 eloquentia
1025 2498 1118 2582 prin·

141 2583 282 2666 etpatum
297 2601 408 2653 omnes,
421 2580 576 2664 superiori
589 2580 710 2654 iaculo,
724 2582 907 2644 detulerant.

57 2678 65 2695 '
98 2664 200 2733 Elin
214 2665 454 2748 primoquidem
469 2665 546 2727 libro
561 2664 699 2726 Crassus
712 2675 742 2726 et
752 2665 910 2728 Antonius
920 2665 958 2728 de
969 2667 1118 2729 uniuersa

142 2749 278 2814 oratoris
285 2747 421 2833 perfecti
435 2748 466 2809 oi
480 2749 650 2832 disputant,
661 2768 792 2831 qnorum
807 2748 887 2811 alter
899 2750 942 2812 ad
956 2749 1119 2813 Ciceronis

143 2843 274 2897 mentem
287 2834 324 2895 de
338 2838 377 2895 ed
389 2854 424 2894 re
434 2832 570 2907 disserit,
581 2833 636 2907 ita,
647 2844 682 2896 ut
695 2832 815 2894 oratori
829 2834 965 2897 omnium
975 2834 1117 2897 scientia·

142 2939 215 2982 rum
229 2926 258 2980 et
272 2917 389 2979 artium
404 2917 610 3000 cognitionem
625 2916 763 2989 tribuat,·
785 2916 866 2981 alter
879 2924 951 2982 vero
961 2918 1117 2982 Antonius
1217 2944 1218 2951 ¹

132 3002 259 3087 fratris
283 2999 398 3074 Quinti
418 3002 572 3064 sententia
593 3002 796 3084 eloquentiam
817 3002 857 3065 ot
874 3002 1035 3087 elegantia
1050 3004 1117 3067 doc·

143 3086 238 3149 trinae
258 3094 416 3169 segregat,
433 3094 463 3147 et
484 3084 520 3147 in
540 3087 672 3167 quodam
693 3084 818 3171 ingenii
836 3100 866 3152 et
886 3087 1118 3151 coercitatione
1203 3163 1205 3167 y

140 3191 257 3253 genere
263 3171 363 3253 ponit.
375 3169 438 3233 vid.
450 3190 477 3232 e.
487 3175 517 3232 2.
555 3167 686 3234 Primus
696 3170 835 3254 disponi
849 3171 996 3244 Crassus,
1006 3171 1117 3234 deinde

143 3255 213 3349 ejus
234 3254 521 3336 argumentisque
543 3256 723 3338 responderi
740 3267 881 3338 possunt,
902 3254 997 3340 affert
1018 3252 1116 3318 Anto·

142 3358 225 3399 nnus.

101 3418 140 3484 In
155 3422 298 3485 secundo
312 3421 391 3485 libro
405 3422 579 3486 disserendi
595 3433 704 3504 partes
722 3422 867 3520 inprimis
882 3423 926 3485 ad
946 3421 1117 3486 Antonium

142 3505 336 3590 aeseruntur,
350 3505 406 3590 qui
419 3507 457 3568 de
471 3505 645 3570 inventione
654 3507 809 3592 precepit,
824 3516 853 3570 et
866 3509 904 3570 de
918 3506 1117 3570 collocatione

143 3609 248 3651 rerum
262 3589 466 3673 locorumque,
480 3593 544 3674 'qua
567 3591 713 3674 inprimis
726 3588 861 3654 voluisse
883 3591 1073 3662 credebatur,
1087 3611 1115 3654 o.

147 3671 216 3736 (lic.
231 3673 269 3736 de
282 3675 359 3738 clcr.
377 3674 466 3739 Orat.
482 3695 508 3738 c.
524 3680 575 3738 37.
598 3677 667 3738 etim
680 3682 791 3739 contro
810 3695 873 3738 non
886 3672 1116 3759 elegantissimo

142 3775 278 3821 sernsone
288 3769 428 3823 uteretur
438 3768 530 3840 atque
544 3758 715 3841 diligenter
726 3757 871 3837 loquendi
884 3758 977 3820 laude
987 3767 1115 3818 careret.

590 3843 628 3901 l*
