2434 4286
65 761 88 811 Ο

82 952 101 1017 Ι

83 1016 89 1057 l

82 1072 111 1213 l

132 372 194 439 lad
389 392 431 437 rs
450 392 592 437 orrroau
612 392 704 437 areas
723 392 894 441 susumus,

128 543 232 606 veniat
245 543 280 602 in
295 544 449 605 mentem?
471 544 667 623 praeclarum
690 552 724 604 et
747 562 850 621 grave
872 551 941 605 est:
964 543 1049 624 quod
1070 544 1169 608 eal--

129 632 207 691 vino
219 628 364 689 Glaucia
379 627 589 699 claudicanti,
609 625 671 688 Ubi
684 638 731 689 est
744 638 830 688 cetus
841 626 949 689 illud?
971 650 1045 689 aum
1060 630 1154 691 cluu-

128 712 238 774 dicnt?
259 722 293 772 at
307 710 358 773 tic
378 711 520 784 clodicut,
543 711 605 774 hoc
629 712 803 774 ridiculum
826 723 895 774 est:
918 721 951 775 et
971 724 1153 794 utrumque

128 812 170 859 ex
195 817 245 867 eo,
270 795 355 876 quod
381 797 415 858 in
441 795 683 859 claudicatione
709 797 928 859 animadverti
954 801 1069 878 potuit,
1097 808 1154 861 est

129 882 272 943 ductum.
321 879 410 952 Quid
422 880 479 941 lroc
494 878 607 941 Naeoio
620 880 794 962 ignavius?
816 882 930 944 severe
954 881 1086 963 Scipio:
1110 893 1152 944 at

128 968 163 1028 ln
177 966 264 1027 male
279 966 433 1038 olentem,
451 962 542 1026 Video
563 985 609 1025 me
623 987 644 1025 α
659 975 687 1026 ta
701 965 928 1037 circumveniri,
946 967 1152 1029 subridicule

128 1049 306 1131 Philippus,
351 1049 396 1110 At
421 1058 595 1129 utrumque
611 1069 716 1127 genus
731 1052 876 1125 continet
891 1050 983 1112 verbi
1007 1052 1050 1113 ad
1073 1053 1151 1125 lite-

129 1154 200 1195 ram
216 1135 382 1194 immutati
398 1134 585 1197 similitudo.

171 1217 224 1280 Ex
239 1218 394 1295 ambiguo
409 1217 499 1280 dicta
513 1218 566 1279 vel
583 1219 795 1296 argutissima
809 1226 985 1298 putantur3
1008 1219 1063 1280 sed
1080 1241 1151 1282 non

129 1323 258 1382 semper
287 1304 320 1362 in
345 1304 431 1381 joco,
458 1302 543 1383 saepe
573 1304 675 1364 etiam
700 1304 734 1364 in
759 1304 935 1381 gravitate.
960 1313 1149 1367 versantur.

129 1387 286 1449 Africano
301 1387 350 1447 illi
365 1387 491 1464 majori,
506 1406 660 1447 coronam
676 1386 738 1447 sibi
763 1388 797 1447 in
819 1388 970 1449 convivio
985 1388 1025 1448 ad
1044 1400 1150 1468 caput

129 1471 400 1542 accommodanti,
416 1472 490 1532 cum
514 1490 556 1531 ea
578 1472 696 1551 saepius
718 1480 932 1551 rumperetur,
947 1470 982 1534 P.
1000 1472 1150 1535 Licinius

134 1555 248 1627 Varus
263 1553 341 1615 Noli
355 1553 477 1626 mirari,
499 1555 605 1634 iuquit
628 1554 657 1614 si
679 1574 741 1614 non
764 1556 928 1616 convenit:
950 1565 1044 1638 caput
1062 1558 1149 1619 enim
1189 1604 1193 1611 ,

128 1660 278 1722 magnum
304 1648 371 1700 ert:
404 1637 582 1709 laudabile,
607 1647 641 1700 et
666 1638 848 1700 honestum.
893 1640 938 1701 At
962 1660 1003 1701 ex
1029 1641 1148 1704 eodem

128 1744 248 1802 genere
275 1733 343 1784 est:
379 1720 497 1782 Calvus
521 1726 598 1784 sotir
622 1733 688 1792 ert,·
716 1724 800 1802 qudd
825 1721 900 1784 dicit
920 1744 1046 1805 purum.
1091 1725 1148 1788 Ne
1211 1746 1212 1749 ’

128 1809 254 1869 multa:
277 1808 403 1869 nullum
418 1826 522 1886 genus
538 1817 587 1869 est
597 1808 675 1887 joci,
686 1827 750 1887 quo
762 1827 827 1868 non
842 1827 882 1869 ex
898 1807 1013 1870 eodem
1027 1830 1150 1872 severa
1211 1848 1212 1853 κ

128 1902 161 1954 et
177 1894 296 1971 gravia
310 1902 489 1953 sumantur.

171 1977 278 2056 Atque
295 1977 355 2037 hoc
372 1977 473 2038 etiam
489 1975 825 2048 animadvertendum,
848 1996 911 2037 non
937 1996 1009 2037 esse
1033 1980 1148 2040 omnia

127 2062 275 2132 ridicula,
290 2062 409 2122 faceta.
454 2059 543 2134 Quid
558 2063 646 2121 enim
661 2069 854 2141 potestesse
869 2070 938 2121 tam
962 2061 1148 2137 ridiculum,

127 2146 224 2225 quam
240 2144 365 2207 Sannio
379 2141 452 2205 estl
498 2143 563 2206 Sed
587 2165 651 2217 ore,
676 2145 780 2217 vultu,
803 2145 969 2206 imitandis
990 2148 1148 2220 moribus,

128 2249 218 2300 voce,
233 2229 372 2307 denique
388 2247 521 2309 corpore
537 2228 661 2290 ridetur
684 2231 763 2310 ipsc.
807 2228 939 2291 Salsum
963 2229 1049 2291 hunc
1073 2251 1147 2311 pos-

128 2332 201 2373 sum
217 2313 335 2384 dicere,
351 2320 449 2391 atque
474 2313 531 2385 ita,
554 2333 619 2372 non
642 2323 679 2374 ut
702 2314 862 2392 ejusmodi
885 2325 1048 2375 oratorem
1072 2336 1146 2377 esse

127 2398 237 2468 velim,
253 2396 310 2457 sed
325 2405 360 2457 ut
372 2398 518 2456 mimum.

171 2479 267 2543 LXll.
291 2480 404 2556 Quare
420 2481 559 2560 primum
576 2499 680 2557 genus
693 2477 765 2551 hoc,
776 2481 861 2559 quod
872 2480 973 2542 risum
988 2482 1040 2543 vel
1053 2503 1147 2545 max·
1210 2466 1211 2515 3

127 2566 192 2627 ime
208 2576 328 2634 movet,
343 2584 408 2626 non
424 2573 473 2626 est
488 2575 634 2625 nostrum
648 2586 656 2634 ;
679 2584 851 2634 morosum,
874 2567 1147 2645 superstitiosum,

127 2652 353 2730 suspiciosum,
365 2650 551 2728 gloriosum,
563 2648 707 2708 stultum.
742 2647 772 2708 N
776 2661 879 2710 aturae
891 2649 1036 2710 ridentur
1047 2652 1146 2731 ipsae3

127 2754 209 2813 quas
224 2753 380 2813 personas
396 2735 524 2810 agitare
540 2733 690 2802 solemus
702 2752 765 2792 non
778 2734 947 2794 sustinere.
993 2735 1146 2798 Alterum

127 2837 232 2895 genus
248 2826 297 2877 est
313 2819 496 2879 imitatione
513 2816 688 2877 admodum
703 2815 885 2888 ridiculum,
896 2817 951 2878 sed
964 2819 1057 2879 nobis
1071 2828 1146 2881 tan·
1210 2836 1211 2853 l

126 2904 197 2962 tirm
211 2901 288 2962 licet
304 2901 424 2972 furtim,
440 2900 622 2980 siquando,
638 2911 670 2961 et
686 2902 825 2972 cursim3
849 2902 945 2963 aliter
960 2904 1047 2963 enim
1063 2905 1146 2965 min·

127 2984 191 3047 ime
217 2993 267 3045 est
293 2984 448 3045 liberale:
470 2987 612 3056 tertium,
634 2986 698 3046 oris
724 2985 927 3064 depravatio,
951 3006 1017 3047 non
1042 2987 1147 3066 digna

127 3068 238 3131 nobis:
255 3078 417 3148 quartum,
432 3067 636 3140 obscoenitas
650 3088 714 3129 non
731 3070 835 3129 sotum
850 3090 915 3130 non
939 3071 1010 3131 l'oro
1033 3071 1146 3149 digna,

127 3152 184 3214 sed
200 3154 255 3213 vix
271 3155 422 3215 convivio
436 3153 622 3215 liberorum.
667 3149 834 3215 Detractis
848 3156 951 3232 igitur
973 3163 1023 3215 tot
1041 3156 1146 3223 ⁴rebus

128 3257 168 3298 ex
183 3236 244 3298 hoc
260 3239 402 3299 oratorio
414 3238 494 3309 loco,
509 3237 639 3298 facetia
653 3237 787 3316 reliquae
802 3247 886 3310 sunt,
898 3259 970 3318 quae
986 3247 1044 3300 aut
1059 3242 1092 3303 in
1108 3261 1144 3303 re

130 3322 179 3401 (ut
192 3322 268 3382 ante
284 3321 392 3400 divisi)
409 3324 523 3403 positae
538 3322 691 3382 videntur
705 3340 786 3392 esse,
798 3333 857 3383 aut
872 3325 905 3383 in
921 3323 1031 3384 verbo.
1055 3321 1146 3387 Nam

129 3399 225 3484 quod:
240 3406 486 3486 quibuscunque
501 3404 611 3466 verbis
626 3404 754 3476 dixeris
777 3405 924 3468 facetum
947 3416 1060 3468 tamen
1085 3419 1145 3481 cst,

128 3509 163 3549 re
179 3491 380 3551 continetur:
403 3490 488 3568 quod
502 3491 639 3551 mutatis
650 3489 759 3550 verbis
771 3491 874 3553 salem
885 3492 1016 3562 amittit,
1028 3493 1062 3553 in
1074 3513 1145 3553 ver-

127 3573 177 3634 bis
193 3573 292 3633 habet
308 3574 450 3653 leporem
466 3594 604 3636 omnem.

171 3657 337 3734 Ambigua
352 3667 427 3717 sunt
442 3659 476 3718 in
490 3660 603 3739 primis
626 3667 734 3730 acuta,
750 3667 847 3737 atque
863 3660 896 3721 in
913 3658 1013 3720 verbo
1028 3662 1144 3740 posita,

128 3758 192 3800 non
208 3743 241 3800 in
256 3760 309 3801 re:
332 3740 388 3800 sed
404 3761 469 3801 non
484 3744 570 3821 saepe
582 3761 740 3819 magnum
755 3744 855 3805 risum
870 3753 1020 3804 movent:
1038 3746 1145 3824 magis

129 3831 165 3881 ut
180 3820 265 3884 belle
280 3831 313 3884 et
328 3824 458 3885 literate
481 3824 570 3886 dicta
593 3825 790 3888 laudantur:
813 3837 851 3890 ut
865 3827 946 3890 illud
960 3828 994 3888 in
1009 3828 1145 3902 Titium.
