2434 4286
157 268 181 367 i

113 378 209 505 ἢ
402 448 441 491 uu
462 447 603 489 onerose
624 447 712 489 omna
730 447 868 489 munus.

130 580 292 655 mentitis
313 613 378 654 non
400 595 469 654 sine
485 613 605 669 magno
619 576 828 673 reipublioae
850 594 939 655 malo
953 595 1149 656 eonstituta.

132 676 205 755 Ego
220 677 298 737 vero
313 687 355 746 te,
367 676 493 747 Crasse,
505 679 579 737 oum
595 678 671 738 vitae
685 678 773 747 flore,
784 687 854 737 tum
866 679 978 739 mortis
993 678 1151 758 opport'ri·

132 762 236 839 nitate
259 754 330 827 divi
351 782 370 820 o
386 761 521 822 oonsilio
536 773 569 822 et
585 770 690 821 ortum
706 769 739 820 et
760 762 957 825 exstinctum
973 782 1043 823 esse
1061 758 1151 823 arbi·

78 848 81 857 “
115 838 220 905 'tioi'i
228 781 395 907 ‘marsim
410 853 478 914 aut,
492 844 687 923 prasinum
703 845 804 904 animi
819 847 1065 924 constantiique
1080 847 1152 917 tud,

133 930 239 990 cunis
254 928 330 988 ferri
344 926 515 988 subeunda
536 927 598 988 fuit
612 924 808 998 eriiiielitas3
831 938 898 998 aut,
913 930 941 1009 si
956 935 1069 1007 quate
1085 929 1153 989 sor·

102 1046 106 1055 ·
132 1018 215 1073 tima
230 1012 273 1073 ab
289 1012 461 1089 atro'eitate
477 1013 588 1071 mortis
610 1007 815 1081 vindicisset,
830 1011 947 1072 eadem
962 1032 1034 1073 esse
1049 1022 1083 1073 te
1100 1012 1157 1073 ma

8 1096 10 1103 ⁴
53 1104 58 1121 ’
116 1100 249 1157 'nerum
272 1097 387 1174 patriae
411 1096 629 1173 spectatorem
643 1096 818 1171 coegisset:
841 1115 946 1173 neque
962 1097 1066 1157 solum
1088 1096 1154 1157 tibi

134 1178 354 1258 improborum
377 1178 572 1248 dominatus,
595 1177 652 1238 sed
677 1180 789 1249 etiam,
811 1188 944 1258 propter
967 1179 1154 1240 admixtam

122 1264 256 1323 ‘civium
272 1261 404 1332 eadem,
419 1262 576 1322 bonorum
591 1263 739 1332 victoria,
753 1263 884 1322 moerori
900 1262 1023 1324 fuisset.

79 1420 84 1429 s
177 1345 232 1409 IV.
255 1345 340 1409 Mihi
363 1345 502 1423 quidem,
516 1343 640 1420 Quinte
664 1343 775 1416 frater,
790 1355 823 1406 et
848 1365 962 1406 eorum
986 1349 1094 1417 castis
1110 1344 1154 1419 de

67 1434 75 1449 '
134 1430 252 1510 quibus
277 1429 353 1490 ante
369 1428 445 1500 dixi}
460 1437 493 1488 et
558 1447 652 1507 ,quae
675 1431 866 1508 nosmetipsi
890 1429 932 1490 ob
947 1437 1095 1490 amorem
1118 1432 1154 1491 iu
1208 1468 1209 1479 κ

135 1533 205 1574 rem
221 1513 387 1592 publicam
402 1448 625 1572 ineredffoilem
641 1520 673 1572 et
684 1511 888 1588 singularem
902 1513 1096 1592 pertulimus
1111 1533 1155 1574 eo

136 1598 305 1665 sensimus,
321 1596 488 1673 cogitanti,
503 1596 666 1656 sententia
681 1595 766 1674 saepe
789 1604 849 1656 tua
868 1602 949 1657 v'era
963 1616 1003 1657 ao
1019 1597 1156 1676 sapiens
1208 1670 1209 1679 χ

136 1680 240 1741 vidiri
255 1679 345 1749 solet,
365 1681 430 1757 qui,
440 1689 578 1758 propter
601 1688 659 1750 tot,
674 1688 791 1750 tantos,
806 1688 939 1758 tamque
962 1682 1155 1760 praecipites
1208 1690 1209 1723 t

136 1770 233 1825 ousiis
245 1762 499 1823 dirissimarum
510 1761 675 1823 hominum
685 1771 782 1839 atque
792 1764 987 1842 optimorum
998 1761 1155 1837 virorum,
1208 1786 1209 1799 ¹

136 1867 189 1908 me
214 1867 343 1922 semper
366 1846 410 1906 ab
425 1847 513 1907 omni
539 1848 746 1907 contentione
762 1866 802 1906 ao
826 1846 1036 1933 di'midatipme
1060 1868 1156 1909 revo-

138 1932 227 1991 eisti.
272 1928 346 2003 Sed,
369 1931 524 2010 quoniam
546 1929 615 1990 haee
634 1930 707 2006 jam
731 1950 836 2008 neque
859 1932 891 1991 in
915 1932 1043 2009 integro
1057 1931 1156 1993 nobis

138 2035 209 2076 esse
236 2024 377 2092 possunt,
393 2023 426 2075 et
449 2016 567 2075 summi
590 2012 718 2073 labores
733 2015 843 2085 nostri,
858 2015 979 2092 magne
1002 2035 1156 2096 compen·

138 2099 202 2158 sati
214 2098 324 2174 glosis,
335 2092 544 2174 mssigantun
567 2098 742 2177 pergamus
754 2097 797 2158 ad
811 2118 853 2158 ea
864 2096 992 2170 solatia,
1003 2099 1076 2178 quae
1089 2120 1156 2161 non
1208 2172 1209 2177 η

138 2181 242 2251 modo,
257 2180 380 2242 sedatis
395 2181 562 2255 molestiis,
580 2180 739 2258 jucunda,
754 2180 811 2242 sed
831 2183 933 2242 etiam
955 2182 1157 2244 haerentibus

138 2265 299 2326 salutaria
321 2263 414 2325 nobis
437 2284 507 2325 esse
531 2274 686 2344 possunt3
709 2272 954 2343 sermonemque
980 2265 1016 2327 L.
1041 2266 1156 2329 Crassi

138 2328 308 2427 rdliquum,
324 2367 364 2408 ae
373 2348 471 2437 paene
487 2346 694 2428 postremum,
709 2350 874 2409 memoriae
889 2349 1082 2428 prodamus:
1106 2361 1156 2412 at-

139 2453 202 2512 que
218 2432 335 2519 ainsi
351 2433 556 2512 nequequam
570 2449 685 2511 parem
700 2431 787 2493 illius
802 2433 943 2510 ingenio,
959 2443 994 2493 at
1008 2446 1066 2514 pro
1082 2455 1157 2495 nos·

138 2527 189 2578 tro
212 2526 323 2577 tamen
340 2516 455 2587 studio,
471 2517 621 2580 meritam
643 2514 786 2592 gratiam
809 2515 1017 2596 debitamque
1032 2517 1156 2579 refera-

139 2620 220 2662 mus.
264 2599 381 2677 Neque
406 2601 492 2660 enim
507 2601 679 2678 quisquam
702 2600 946 2670 nostrdm,oi1m
966 2600 1065 2662 libros
1080 2601 1156 2664 Pla-

141 2687 224 2746 tonis
247 2683 442 2744 mirabiliter
466 2683 602 2763 scriptos
623 2683 717 2760 legit,
732 2684 766 2743 in
789 2683 905 2761 quibus
920 2684 1070 2745 omnibus
1085 2684 1156 2748 iere

137 2767 292 2829 Socrates
308 2769 508 2846 exprimitur,
523 2787 597 2832 non.
608 2784 796 2845 quanquam
812 2767 870 2827 ilia
884 2769 1007 2849 scripta
1021 2779 1097 2830 sunt
1109 2769 1156 2830 di·

139 2852 271 2921 vinitus
292 2858 405 2911 tamen
430 2853 538 2927 majus
561 2850 714 2929 quiddam
738 2850 778 2910 de
801 2850 866 2923 illo,
881 2850 921 2911 de
938 2871 1008 2931 quo
1032 2854 1157 2933 scripta

140 2944 225 3005 sunt,
240 2934 434 3013 suspicatur.
478 2933 575 3009 Quod
599 2936 678 2995 item
693 2953 752 2994 nos
775 2934 988 3012 postulamus
1003 2956 1067 2997 non
1084 2955 1106 2997 a
1120 2945 1155 2998 te
1208 3006 1209 3011 η

140 3017 281 3096 quidem,
295 3018 351 3094 qui
374 3016 466 3078 nobis
481 3019 592 3078 omnia
614 3037 744 3078 summa
766 3017 891 3099 tribuis,
910 3018 965 3080 sed
982 3039 1003 3080 a
1018 3012 1156 3164 ossteriS,

140 3102 195 3178 qui
220 3100 290 3162 haeo
316 3103 351 3163 in
376 3121 494 3162 manus
520 3100 658 3172 sument,
681 3110 717 3162 ut
740 3102 848 3179 majus
870 3100 1025 3180 quiddam
1117 3104 1155 3166 L.
1208 3166 1209 3173 ,

140 3185 266 3255 Crasso,
281 3185 379 3264 quam
394 3195 550 3263 quantum
567 3205 590 3246 a
603 3185 696 3246 nobis
715 3184 924 3264 exprimetur,
938 3189 1154 3267 suspieentur.

140 3268 210 3330 Nos
225 3270 312 3330 enim
329 3270 397 3349 (qui
420 3270 479 3349 ipsi
504 3270 646 3331 sermoni
669 3288 733 3329 non
757 3267 1024 3344 interfuissemus
1040 3281 1072 3333 et
1087 3274 1155 3351 qui-

139 3352 200 3413 bus
216 3352 251 3413 O.
268 3352 366 3414 Cotta
380 3352 605 3427 tantummodo
627 3353 715 3413 locos
730 3371 770 3414 eo
785 3355 967 3415 sententias
982 3353 1079 3434 hujus
1091 3352 1156 3417 dis·

140 3439 319 3516 putationis
341 3432 551 3515 tradidisset),
566 3456 629 3515 quo
653 3438 687 3498 in
709 3456 830 3514 genere
854 3439 1010 3499 orationis
1031 3448 1154 3501 utrum·

140 3540 202 3599 que
218 3529 380 3581 oratorem
404 3526 673 3603 cognoveramus
687 3520 828 3602 idipsum
850 3539 963 3582 sumus
986 3521 1018 3583 in
1042 3543 1155 3586 eorum
1208 3526 1209 3597 ᾗ

140 3622 287 3664 sermone
304 3602 483 3664 adumbare
499 3605 618 3665 donati.
663 3603 761 3678 Quod
776 3606 803 3665 si
824 3607 896 3683 quis
912 3607 982 3678 erit,
997 3606 1053 3685 qui
1076 3605 1152 3670 duo·

140 3693 192 3747 tus
208 3686 358 3764 opinione
373 3686 475 3762 vulgi,
490 3696 548 3748 aut
569 3687 748 3749 Antonium
765 3689 971 3767 jejuniorem,
987 3700 1046 3753 aut
1060 3689 1153 3753 Cras·

139 3787 213 3829 sum
224 3767 323 3829 fuisse
335 3768 514 3847 pleniorem
527 3779 630 3850 putet,
641 3772 738 3850 quim
753 3771 913 3851 quomodo
928 3792 950 3834 a
961 3773 1053 3836 nobis
1068 3784 1152 3837 uter·

139 3869 202 3928 que
218 3850 370 3934 inductus
385 3859 453 3921 est;
476 3853 504 3913 is
519 3855 582 3913 erit
595 3873 638 3914 ex
659 3855 709 3927 iis,
722 3856 778 3934 qui
794 3866 853 3919 aut
874 3857 947 3919 illos
961 3877 1028 3920 non
1043 3858 1152 3924 eudio-
