2434 4286
140 384 200 444 los
400 399 440 441 na
461 397 602 440 onerosa
622 396 711 438 amun
732 395 893 439 ammove.

136 566 197 631 per
210 546 301 611 Deus
317 545 421 607 videri
443 545 537 606 soles.
582 543 676 616 Vide,
692 544 789 622 quam
813 545 874 605 sim
889 545 923 605 In
938 546 1001 605 isto
1025 566 1162 624 genere,

137 635 252 713 inquit,
267 630 394 701 Catule,
408 628 508 691 Deus.
553 628 637 700 Non,
652 629 848 698 mehercule,
864 629 953 700 mihi,
967 631 1029 690 nisi
1046 631 1162 692 admo·

139 719 216 788 nito,
226 718 370 778 venisset
381 717 416 776 in
428 723 591 784 mentem3
613 725 651 774 ut
663 714 766 793 possis
777 714 976 786 existimare,
990 733 1043 775 me
1060 717 1094 776 In
1106 736 1162 785 ea,

137 804 170 862 iu
183 802 300 880 quibus
312 817 545 877 nonnunquam
561 798 684 876 aquuid
699 796 829 858 efficere
842 797 961 869 videor,
973 817 1035 859 usu
1050 800 1162 861 solere

137 887 172 947 in
189 884 336 956 dicendo,
351 884 405 944 vel
420 902 499 943 casu
524 884 641 962 potina,
657 883 832 943 incurrere.
878 883 927 943 Ac
950 902 1002 944 res
1024 884 1163 961 quidem

138 971 212 1040 ista,
226 989 326 1048 quam
342 987 413 1045 ego,
428 968 507 1046 quia
529 986 594 1031 non
614 966 739 1037 nbram,
752 967 799 1026 sic
823 977 983 1044 tanquam
1007 968 1163 1044 ignotum

138 1054 313 1124 hominem,
334 1050 555 1134 praeteribam,
570 1060 701 1111 tantum
723 1059 829 1129 potest
844 1051 877 1110 in
892 1050 1039 1122 dicendo,
1055 1063 1092 1112 ut
1115 1053 1163 1113 ad

139 1137 336 1199 vincendum
358 1137 451 1196 nulla
474 1134 549 1215 plus
573 1135 690 1215 possit:
718 1134 775 1195 sed
797 1143 909 1195 tamen
932 1133 1012 1196 mihi
1033 1135 1163 1197 videris

140 1231 216 1283 ante
238 1232 369 1302 tempus
385 1240 406 1280 a
420 1239 473 1280 me
496 1220 658 1280 rationem
681 1216 801 1279 ordinis
825 1227 858 1278 et
879 1218 1162 1299 disponendarum

138 1325 249 1367 rerum
270 1303 451 1385 requisisse.
497 1302 585 1364 Nam
600 1304 628 1363 si
651 1322 713 1380 ego
729 1318 859 1375 omnem
881 1304 949 1364 vim
964 1305 1102 1364 oratoris
1126 1307 1163 1365 In

139 1393 344 1467 argumentis
358 1397 391 1450 et
406 1390 441 1449 in
455 1408 490 1448 re
506 1388 577 1468 ipsis
591 1406 695 1467 perse
708 1385 950 1467 comprobanda
963 1390 1163 1467 posuissem,

139 1483 268 1554 tempus
284 1482 370 1536 esset
387 1474 461 1549 Jam
476 1471 516 1533 de
532 1471 643 1533 ordine
660 1482 937 1547 argumentorum,
952 1480 985 1532 et
1003 1471 1043 1532 de
1059 1473 1163 1534 collo-

140 1561 280 1630 catione,
296 1557 419 1636 aliquid
441 1557 568 1625 dicere:
591 1554 658 1625 sed,
674 1557 749 1615 cum
770 1555 836 1615 tria
851 1556 915 1616 sint
931 1577 952 1616 a
967 1574 1020 1617 me
1042 1575 1162 1637 propo-

139 1644 213 1715 sita,
225 1642 264 1703 de
279 1662 346 1702 uno
361 1639 504 1712 dictum;
527 1642 602 1701 curn
616 1639 656 1700 de
668 1638 793 1699 duobus
808 1638 940 1717 reliquis
954 1639 1075 1711 dixero,
1087 1650 1163 1703 tum

139 1728 201 1787 erit
216 1725 354 1805 denique
370 1723 410 1786 de
426 1724 624 1803 disponenda
638 1723 706 1783 tota
720 1724 867 1784 oratione
883 1722 1106 1802 quaerendum.

182 1809 298 1872 XLIII.
330 1808 430 1870 Valet
450 1810 551 1886 igitur
574 1808 716 1869 multum
736 1806 781 1866 ad
796 1807 1002 1877 vincendum,
1025 1808 1163 1888 probari
1210 1882 1211 1889 ἵ

139 1913 255 1965 morea,
266 1894 427 1964 instituta,
439 1903 472 1954 et
487 1893 586 1962 facta,
598 1901 631 1952 et
646 1892 751 1952 vitam
766 1910 879 1953 eorum
894 1892 948 1970 qui
965 1902 1065 1970 agent
1081 1912 1162 1954 cau-

140 1998 204 2049 saS,
219 1988 252 2039 et
267 1998 380 2039 eorum
399 1994 460 2057 pro
475 1975 592 2057 quibus
605 1998 613 2047 3
636 1984 670 2036 et
684 1976 765 2037 item
781 1975 958 2056 improbari
975 1975 1163 2037 adversari-

140 2081 253 2134 orum;
276 2063 466 2140 animosque
491 2080 613 2132 eorum,
630 2060 718 2140 apud
740 2079 821 2139 quos
845 2060 963 2137 agitur,
987 2062 1162 2123 conciliari

140 2147 237 2224 quam
261 2146 404 2207 maxime
429 2145 471 2205 ad
494 2143 768 2216 benevolentiam,
784 2145 858 2204 cum
882 2164 962 2221 erga
985 2155 1162 2219 oratorem,

139 2238 212 2291 tum
227 2250 309 2306 erga
330 2231 424 2291 illum
446 2248 504 2308 pro
518 2247 582 2307 quo
596 2227 683 2290 dicet
698 2237 816 2290 orator.
861 2227 1086 2290 Conciliantur
1101 2248 1163 2291 au·

140 2322 208 2375 tem
223 2313 500 2391 animi'dignitate
516 2311 664 2383 hominis,
679 2312 778 2373 rebus
792 2314 902 2390 gestis,
914 2314 1161 2375 existimatione

140 2399 236 2468 vitae;
259 2416 331 2476 quae
346 2397 476 2458 facilins
498 2397 608 2458 ornari
631 2406 775 2476 possunt,
791 2398 818 2457 si
842 2396 937 2457 modo
958 2407 1043 2467 sunt,
1059 2398 1161 2477 quim

140 2482 230 2559 fingi,
245 2483 273 2543 si
287 2481 380 2543 nulla
394 2490 480 2543 sunt.
524 2480 590 2542 Sed
612 2479 682 2541 haec
698 2480 858 2559 adjuvant
876 2481 910 2541 in
925 2491 1062 2552 oratore,
1078 2482 1161 2544 leni-

140 2574 193 2626 tas
208 2568 306 2638 vocis,
312 2567 420 2628 vultis
444 2566 576 2647 pudoris
591 2564 798 2643 significatio,
809 2564 984 2625 verborum
999 2566 1161 2638 comitas3

141 2651 169 2711 si
190 2651 268 2730 quid
289 2670 485 2731 persequare
501 2651 618 2720 acribS,
633 2659 670 2710 ut
693 2650 815 2709 invitus
834 2657 866 2708 et
890 2659 1024 2710 coactus
1046 2649 1160 2712 facero

140 2734 284 2796 videare.
328 2735 525 2805 Facilitatis,
540 2733 758 2805 liberalitatis
768 2732 1038 2805 mansuetudinis
1054 2735 1160 2813 pieta·

140 2819 192 2889 tis,
207 2821 292 2895 grati
308 2820 419 2891 animi,
430 2840 495 2880 non
511 2818 705 2898 appetentis,
720 2837 785 2878 non
800 2816 899 2887 avidi,
911 2818 1006 2894 signa
1021 2817 1161 2897 proferri

135 2903 281 2983 perutiIe
297 2913 365 2964 est:
388 2923 493 2982 eaque
509 2904 629 2972 omnia,
644 2920 716 2980 quae
735 2901 918 2981 proborum,
933 2900 1161 2975 demissorum,

142 3006 207 3048 non
219 2988 354 3058 acrium,
364 3006 429 3047 non
440 2988 668 3068 pertInacium,
679 3004 744 3046 non
756 2987 981 3063 IitIgiosorum,
990 3005 1055 3046 non
1068 3005 1160 3048 acer·

141 3069 257 3131 borum
272 3080 357 3143 sunt,
368 3070 465 3131 valde
480 3070 744 3131 benevolentiam
756 3071 941 3141 conciliant,
954 3069 1161 3132 abalienant-

141 3173 204 3233 que
221 3155 264 3214 ab
279 3157 328 3228 iia,
344 3157 378 3216 in
393 3155 511 3234 quibus
525 3153 595 3216 haec
611 3174 676 3216 non
691 3164 776 3215 sunt.
820 3153 934 3234 Itaque
950 3152 1067 3215 eadem
1081 3163 1161 3237 sunt

142 3239 176 3300 in
191 3238 397 3302 adversarios
413 3261 454 3301 ex
469 3240 633 3301 contrario
645 3237 852 3301 conferenda.
896 3236 962 3299 Sed
977 3257 1081 3316 genus
1096 3240 1160 3303 hoo

141 3330 248 3385 totum
262 3326 418 3387 orationis
439 3326 474 3386 iu
497 3326 537 3386 iis
561 3324 670 3384 causis
691 3325 839 3399 excellet,
854 3324 888 3384 ln
911 3322 1028 3401 quibus
1051 3324 1161 3385 minus

142 3418 249 3487 potest
264 3411 462 3471 inflammari
477 3410 607 3470 animus
617 3407 738 3485 judicis
754 3409 823 3470 acri
838 3416 871 3469 et
883 3407 1071 3469 vehementi
1082 3409 1158 3486 quei·

142 3491 220 3554 dam
235 3495 435 3555 incitatione.
480 3492 556 3554 Non
571 3494 659 3553 enim
674 3512 803 3572 semper
818 3491 910 3553 fortis
925 3492 1029 3553 oratio
1044 3493 1160 3570 quaeri·

141 3583 196 3636 tur
210 3577 267 3638 sed
279 3577 364 3658 saepti
379 3578 521 3659 placida,
532 3579 716 3648 summissa,
727 3577 819 3647 lenis,
830 3594 903 3656 quae
918 3577 1060 3637 maxIme
1072 3596 1159 3638 oom-

142 3661 277 3722 mendat
300 3682 380 3723 reos,
424 3660 511 3723 Reos
534 3669 645 3722 autern
670 3661 809 3741 appello,
824 3681 889 3721 non
904 3680 959 3721 eos
982 3659 1086 3732 modo,
1101 3662 1158 3740 qui

143 3754 335 3820 arguuntur,
359 3745 415 3806 sed
439 3763 552 3806 omnes
575 3764 713 3823 quorum
737 3744 776 3805 de
802 3764 837 3805 re
861 3743 1082 3825 disceptatur:
1111 3745 1159 3807 sic

143 3829 232 3888 enim
243 3829 321 3891 cIIm
336 3829 561 3908 loquebantur.
599 3827 727 3890 Horum
742 3830 844 3906 igitur
855 3829 1038 3909 exprimere
1051 3849 1159 3891 mores
