2434 4286
325 378 365 418 un
379 376 519 418 onai-oen
533 378 622 418 nmen
636 377 798 420 secernas.
1008 360 1070 419 119

54 526 116 595 illo,
130 523 219 604 quod
233 525 268 586 in
283 525 503 604 perpetuitate
517 526 685 596 sermonis
709 532 743 585 et
766 522 837 596 hoo,
852 524 938 604 quod
961 526 995 588 in
1019 544 1070 587 oe-

53 611 181 672 leritate
209 619 309 688 atque
335 609 422 669 dioto
447 617 505 669 est.
519 616 533 625 ““
550 607 638 669 Nam
668 608 737 669 haec
767 621 927 689 perpetua
956 620 1071 671 eontra

54 693 239 756 Soaevolarn
256 692 403 754 Curiana
426 691 572 753 defensio
594 702 666 753 tota
692 691 887 754 redundavit
904 694 1069 756 hilaritate

53 777 194 857 quidam
210 785 244 838 et
253 779 348 855 joeo;
371 776 461 837 diota
472 776 531 837 illa
546 776 661 838 brevia
675 796 740 837 non
755 775 890 839 habuit:
914 777 1071 858 parcebat
1120 808 1123 815 ⁴

54 863 139 924 enim
156 862 338 922 adversarii
353 860 506 937 dignitati
520 882 529 932 ς
551 862 585 921 in
600 881 664 941 quo
688 862 757 941 ipse
778 861 932 922 servabat
954 882 1070 934 suarn3

54 945 137 1025 quod
162 954 214 1006 est
237 943 422 1005 hominibus
446 943 563 1006 facetis
586 953 619 1005 et
645 944 812 1005 dicacibus
834 944 1071 1019 difficillimum,
1088 958 1113 1008 t,
1170 956 1175 963 “
1199 1006 1203 1011 .

55 1028 176 1090 habere
192 1028 361 1090 hominurn
380 1029 539 1090 rationem
555 1038 589 1090 et
603 1038 796 1109 temporum,
810 1037 844 1089 et
859 1050 910 1099 ea,
924 1050 996 1109 quae
1019 1052 1070 1092 oe·
1081 1028 1097 1065 s
1174 1050 1179 1057 ·

55 1121 199 1185 currant,
229 1115 304 1174 erim
329 1113 506 1173 salsissime
535 1111 600 1175 diei
629 1114 761 1193 possint,
790 1122 911 1174 tenere.
956 1114 1071 1194 ltaque

54 1198 204 1258 nonnulii
220 1197 348 1257 ridiculi
373 1196 521 1257 homines
536 1196 597 1256 hoc
613 1198 720 1277 ipsum
744 1217 808 1257 non
831 1198 951 1258 insulse
973 1199 1071 1261 inter-

54 1290 235 1361 protantur.
260 1276 397 1361 (Dicere
413 1282 501 1341 enim
527 1282 620 1341 aiunt
643 1279 787 1342 Ennium
800 1279 964 1361 flammam
983 1302 1003 1341 a
1022 1303 1071 1343 sa-

49 1363 155 1446 piente
171 1362 312 1445 similius
336 1385 389 1424 ore
415 1363 449 1424 in
475 1364 601 1424 ardente
622 1362 765 1445 opprimi,
788 1369 881 1444 quam
895 1364 974 1425 baua
989 1365 1072 1427 dieta

50 1457 156 1523 ,uacat
168 1471 182 1508 :
196 1448 266 1509 haeo
281 1449 407 1509 scilicet
421 1446 508 1509 bona
523 1467 595 1526 quae
611 1449 699 1508 salsa
714 1449 799 1508 sint:
822 1467 901 1509 nam
925 1468 967 1509 ea
988 1448 1073 1512 dicto
1108 1422 1157 1515 0

56 1533 268 1614 appellantur
283 1532 497 1613 propri0·'jam
509 1534 675 1617 nomine.)

96 1616 167 1678 LV.
192 1616 268 1688 Sed,
282 1626 319 1677 ut
334 1618 369 1677 in
383 1614 567 1691 Soaevolam
583 1617 742 1677 continuit
758 1635 799 1677 ea
815 1613 961 1688 Crassus
973 1625 1072 1695 atque

54 1700 111 1762 illo
127 1701 233 1761 altero
248 1720 377 1778 genere,
392 1702 426 1760 in
441 1720 504 1778 quo
519 1700 600 1762 uuili
615 1701 723 1761 aculei
740 1702 1009 1763 contumeliarum
1026 1703 1074 1763 in·

55 1793 160 1856 erant,
173 1804 310 1845 oausam
325 1785 417 1845 illam
428 1783 746 1866 disputationemque
758 1785 835 1846 lusit
846 1807 853 1855 ;
876 1786 933 1855 sio,
944 1786 980 1846 in
993 1784 1072 1848 Bru·

54 1880 97 1941 to,
113 1888 214 1947 quem
229 1869 352 1939 oderat,
367 1878 513 1947 atquem
528 1867 664 1945 dignum
680 1869 877 1930 contumelia
890 1868 1073 1945 judicabat,

54 1962 196 2032 utroque
208 1972 328 2029 genere
340 1955 509 2033 pugnavit.
554 1952 663 2028 Quam
675 1954 781 2014 multa
792 1953 832 2014 de
843 1953 980 2024 balneis
991 1973 1073 2033 quas

55 2057 162 2118 nuper
176 2037 232 2097 ille
246 2036 446 2109 vendiderat,
461 2038 558 2117 quim
573 2037 678 2098 multa
689 2036 729 2098 de
745 2038 865 2099 amisso
877 2038 1074 2118 patrimonio
1182 2058 1192 2113 ',

55 2122 139 2184 dixit
150 2106 279 2205 !(atque
296 2121 354 2182 illa
374 2120 499 2192 brevia,
515 2124 589 2182 eum
611 2122 666 2184 ille
683 2121 815 2192 diceret,
829 2142 860 2181 se
883 2121 951 2183 siue
973 2127 1072 2184 curisti
1172 2156 1177 2185 2
1206 2172 1207 2191 ,

55 2207 173 2267 sudare
179 2206 203 2349 d
218 2203 355 2266 Minime
369 2206 492 2276 mirum,
504 2207 627 2284 inquit,
649 2207 736 2267 modo
750 2205 831 2267 euim
846 2205 937 2267 em'sti
958 2208 995 2268 de
1010 2206 1073 2268 tat-

55 2289 133 2351 ueis.
195 2289 435 2351 nnumerabilia
456 2289 679 2369 hujuscemodi
702 2291 843 2363 fuerunt,
858 2291 914 2352 sed
937 2312 1001 2353 non
1016 2292 1073 2353 rni-

54 2376 117 2434 nds
128 2373 280 2453 jucunda
295 2374 353 2435 illa
367 2384 535 2455 perpetua.
580 2373 663 2436 Oinn
677 2378 765 2436 enim
778 2374 899 2436 Brutus
914 2374 994 2436 duos
1009 2375 1073 2436 leo·

53 2467 145 2519 tores
160 2458 343 2525 excitasset.
359 2468 392 2520 et
414 2459 509 2519 alteri
531 2458 571 2519 de
588 2459 714 2520 coloniis
735 2459 941 2519 Narbonensi
964 2458 1074 2520 Crassi

54 2543 242 2605 orationem
257 2541 431 2621 legendam
446 2541 595 2614 dedisset,
608 2542 703 2603 alteri
718 2541 758 2602 de
774 2543 847 2619 lege
860 2541 1018 2612 Serviliti3
1041 2550 1074 2603 et

53 2629 133 2689 curn
149 2628 316 2687 contraria
337 2629 423 2687 inter
437 2644 508 2687 sese
518 2626 563 2697 ¹de
579 2646 614 2687 re
636 2626 768 2706 publicd
789 2626 900 2704 capita
922 2624 1089 2686 conmlis-=

54 2720 104 2772 set
116 2712 135 2855 p
149 2719 262 2771 noster
273 2709 328 2772 hio
339 2710 538 2771 facetissime
550 2722 615 2772 tres
627 2711 730 2791 patris
741 2708 834 2771 Bruti
845 2708 885 2769 de
897 2710 972 2786 jure
985 2709 1074 2771 civili

54 2795 121 2856 libe
138 2795 188 2856 los
200 2794 303 2855 tribus
318 2793 472 2871 legendos
484 2793 580 2856 dedit.
625 2793 678 2857 Ex
689 2795 771 2855 libro
786 2795 900 2874 primo,
906 2792 995 2877 forte
1010 2814 1073 2855 eue-

53 2878 113 2951 nit,
131 2889 166 2939 ut
181 2877 215 2938 iu
231 2875 417 2939 Privernati
430 2899 583 2940 essemus:
606 2876 714 2950 Brute,
729 2876 910 2960 testificatur
928 2888 1028 2960 pater,
1042 2899 1074 2939 se

9 3040 10 3045 η
54 2964 114 3024 tibi
130 2960 499 3044 Priverrtatemfuudum
513 2962 685 3045 reliquisse.
730 2961 856 3025 Deinde
872 2982 914 3024 ex
928 2962 1010 3024 libro
1025 2982 1074 3024 so-

55 3046 175 3117 cundo,
198 3046 232 3105 iu
254 3043 376 3106 Albano
389 3066 514 3107 eramus
528 3068 586 3130 ego
607 3056 637 3108 et
658 3044 890 3131 Marcusfilius
901 3070 913 3117 ,·
940 3045 1075 3127 Sapiens

54 3129 199 3209 uidelicet
212 3128 299 3188 domo
307 3150 376 3190 cam
385 3129 502 3210 primis
512 3142 627 3192 nostre
637 3131 783 3204 civitatis
794 3134 887 3191 adrat
901 3130 984 3191 buno
994 3150 1074 3211 gur·
1088 3146 1107 3165 *⁴
1119 3146 1140 3209 :j
1206 3146 1207 3153 ’

51 3213 177 3296 gitem;
199 3213 357 3285 metuebat,
373 3234 420 3284 ue,
435 3216 504 3274 edm
519 3216 547 3274 is
562 3213 645 3276 uiuit
664 3214 795 3285 truderet,
811 3212 892 3273 uidit
905 3215 1013 3274 essaei
1027 3235 1074 3274 re·

54 3298 165 3359 lictum
174 3306 352 3379 putaretur.
396 3297 482 3359 Tum
498 3319 539 3360 ex
554 3299 635 3360 libro
646 3301 752 3368 tertio,
764 3299 797 3358 in
809 3316 871 3375 quo
887 3296 986 3358 tinem
998 3299 1074 3359 sori·

54 3382 156 3444 bendi
179 3381 259 3442 feeit
277 3381 337 3462 (tot
359 3383 456 3453 enirn,
471 3392 508 3443 ut
523 3383 635 3443 audivi
659 3381 842 3443 Soaevolarn
864 3381 982 3451 dicere,
997 3389 1074 3443 sunt

54 3468 128 3528 veri
143 3465 237 3527 Bruti
254 3465 339 3546 libri)
356 3465 390 3526 iu
409 3463 531 3527 Tiburti
536 3465 627 3548 forte
641 3463 811 3525 assedimus
825 3486 882 3548 ego
897 3474 925 3526 et
939 3462 1075 3545 Marcus
1163 3518 1168 3531 ,

48 3549 169 3634 fitium·
202 3546 235 3609 U
235 3548 267 3609 bi
287 3560 359 3610 suut
381 3548 407 3609 ii
418 3550 531 3632 fundi,
547 3547 654 3620 Brute,
669 3569 744 3629 quos
758 3548 815 3609 tibi
830 3559 923 3632 pater
936 3549 1086 3633 publicis*
1135 3574 1139 3579 ⁴

9 3628 11 3661 ³
54 3632 286 3695 commemariis
307 3635 505 3714 consignatos
526 3631 680 3713 reliquit?
726 3631 828 3706 Qudd,
849 3631 913 3694 uisi
927 3633 1074 3716 puberem

53 3729 93 3790 te,
108 3719 226 3798 inquit,
238 3717 310 3799 jam
326 3717 456 3789 truderet,
471 3728 615 3798 quartum
630 3715 741 3778 libram
756 3717 979 3799 composuisset,
994 3727 1022 3778 et
1042 3738 1074 3778 se
1117 3738 1142 3793 1*

54 3803 153 3866 etiam
176 3801 211 3864 iu
233 3800 351 3862 balneis
377 3801 510 3862 locutum
533 3821 602 3862 cum
615 3800 698 3882 filio,
719 3800 868 3882 scriptum
890 3800 1086 3883 reliqmsset'
1120 3800 1124 3809 “

577 4074 596 4149 t
