2452 4290
359 337 794 381 onomrornnmrsrrmus.
1042 322 1085 385 65

51 487 117 568 qni,
132 496 175 550 ut
197 485 343 549 Crassus
365 485 547 566 descripsit,
561 483 806 551 accommodate
821 483 865 548 ad
887 486 1086 568 persuaden-

52 572 133 635 dum
146 573 255 655 possit
266 571 388 634 dicere.
424 570 455 632 Is
466 579 580 633 autem
591 569 805 635 concludatur
819 572 855 633 in
866 590 998 652 eaquae
1009 588 1087 638 sunt

53 660 87 720 in
101 678 173 720 usu
188 658 369 719 civitatum
380 656 512 734 vulgari
527 675 568 717 ae
583 655 724 727 forensi;
745 657 942 735 remotisque
959 661 1087 721 oaeteris

54 742 187 814 studiis,
202 742 358 821 quamvis
374 761 417 804 ea
437 742 502 802 sint
525 740 638 822 ampla
659 748 758 820 atque
781 742 1000 821 praeclaram
1022 742 1086 806 hoc

55 848 123 889 uno
138 846 246 908 opere
264 828 315 907 (ut
328 826 378 887 ita
391 824 514 904 dicam)
531 835 643 889 noctes
654 833 687 886 et
698 824 768 886 dies
783 835 961 903 urgeatur;
982 828 1086 891 imite-

58 922 181 991 turque
197 910 305 982 illum,
316 912 372 972 cui
387 912 456 971 sine
471 909 570 971 dubio
585 929 716 972 summa
730 910 781 972 vis
792 909 922 972 dicendi
937 914 1086 975 concedi·
1151 980 1153 983 ,

57 1006 121 1068 tur,
134 993 378 1057 Atheniensem
393 994 659 1066 Demosthenem,
671 995 705 1059 in
719 1014 783 1074 quo
798 1004 928 1056 tantum
943 996 1088 1060 studium

57 1079 175 1152 fuisse,
190 1088 371 1158 tantusque
387 1078 480 1141 labor
494 1079 621 1152 dicitur,
635 1089 673 1141 ut
687 1080 828 1159 primurn
850 1079 1088 1161 impedimenta

58 1174 195 1226 naturae
218 1162 390 1242 diligentia
411 1163 631 1242 industriique
654 1173 844 1242 superaret:
875 1166 1014 1244 cumque
1037 1167 1086 1230 ita

60 1249 185 1311 balbus
207 1257 304 1320 esset,
320 1258 357 1310 ut
380 1249 452 1326 ejus
474 1248 578 1328 ipsius
593 1249 681 1321 artis,
697 1250 751 1313 cui
772 1248 927 1321 studeret,
947 1253 1086 1329 primam

60 1333 199 1396 literam
206 1352 280 1394 non
295 1343 405 1413 posset
427 1332 545 1404 dicere,
559 1332 698 1413 perfecit
719 1331 915 1404 meditando,
931 1344 967 1394 ut
989 1355 1087 1397 nemo

60 1417 198 1500 planius
209 1437 283 1479 esse
295 1419 423 1480 locutus
434 1425 623 1496 putaretur:
645 1417 772 1490 deinde,
784 1418 859 1478 cum
873 1417 1005 1497 spiritus
1017 1420 1088 1496 ejus

61 1511 153 1565 esset
178 1504 361 1580 angustior,
382 1510 522 1574 tantum,
538 1501 733 1565 continendi
752 1501 863 1565 animi
885 1501 920 1562 in
941 1501 1088 1577 dicendo,

61 1598 112 1649 est
136 1596 324 1659 assecutus,
337 1593 376 1647 ut
396 1586 461 1647 uni
476 1588 720 1648 continuatione
742 1584 920 1648 verborum
936 1586 980 1667 (id
1002 1587 1087 1667 quod

61 1674 135 1751 ejus
152 1673 280 1751 scripta
294 1669 476 1748 declarant)
494 1669 580 1732 binae
596 1672 627 1732 ei
646 1674 870 1734 contentiones
885 1673 975 1733 vocis
990 1680 1024 1733 et
1038 1691 1087 1734 re·

16 1776 18 1803 =
60 1758 240 1818 missiones
255 1757 517 1818 continerentur:
539 1757 595 1835 qui
617 1756 721 1817 etiam
737 1757 786 1835 (ut
800 1757 966 1828 memorias
981 1757 1087 1838 prodi·

61 1851 135 1903 turn
160 1839 237 1919 est),
253 1840 409 1918 conjectis
431 1840 465 1900 in
490 1859 526 1900 os
549 1840 694 1911 calculis
717 1840 845 1901 summa
866 1859 947 1901 voce
972 1859 1087 1902 versus

62 1926 187 1988 multos
211 1944 275 1985 uno
290 1925 406 2004 spiritu
428 1926 641 2003 pronuntiare
657 1923 911 1995 consuescebat3
934 1944 1038 2003 neque
1059 1925 1087 1985 is

63 2011 248 2071 consistens
271 2011 305 2070 in
328 2008 411 2079 loco,
426 2006 484 2069 sed
507 2008 725 2079 inambulans
741 2017 840 2087 atque
856 2007 1018 2070 adscensu
1039 2010 1086 2070 in·

64 2094 221 2171 grediens
236 2093 348 2155 arduo.
379 2091 495 2152 ,Hisce
512 2113 574 2170 ego
597 2091 884 2163 cohortationibus
899 2092 1026 2166 Crasse,
1042 2092 1086 2156 ad

63 2179 211 2240 studium
227 2176 318 2238 etad
341 2174 489 2238 laborem
512 2176 695 2238 incitandos
713 2179 855 2255 juvenes
873 2177 1086 2240 vehementer

64 2264 246 2324 assentior:
273 2270 403 2333 caetera,
425 2281 498 2340 quae
523 2259 683 2338 collegisti
707 2281 748 2322 ex
770 2262 871 2322 variis
894 2271 927 2323 et
948 2258 1086 2324 diversis

63 2347 181 2408 studiis
197 2355 231 2407 et
249 2344 384 2417 artibus
398 2346 532 2407 tametsi
556 2346 625 2424 ipse
641 2365 676 2405 es
691 2347 802 2407 omnia
817 2356 1021 2417 consecutus
1035 2355 1085 2407 ta·

62 2451 138 2492 men
155 2430 201 2492 ab
216 2431 355 2492 oratoris
377 2430 508 2511 proprio
531 2427 639 2491 officio
662 2438 760 2509 atque
776 2450 912 2491 munere
934 2431 1086 2508 sejuncta

63 2535 133 2577 esse
150 2514 302 2576 arbitror.

104 2597 205 2661 LXII.
229 2598 312 2660 Haec
324 2598 399 2660 oinn
410 2596 573 2659 Antonius
588 2596 728 2670 dixisset,
738 2597 817 2658 sane
829 2595 979 2657 dubitare
995 2596 1085 2657 visus

63 2692 111 2745 est
128 2683 306 2764 Sulpicius
321 2693 354 2744 et
377 2681 486 2755 Cotta,
500 2683 606 2743 utrius
626 2682 731 2743 oratio
752 2682 885 2762 propius
900 2681 942 2741 ad
964 2681 1084 2742 verita-

62 2777 131 2830 tem
146 2768 316 2829 videretur
331 2765 498 2828 accedere.
543 2766 629 2827 Tum
644 2765 802 2828 Crassus:
825 2767 1014 2845 operarium
1028 2785 1084 2827 no-

63 2851 113 2913 bis
135 2851 312 2932 quendam,
328 2851 459 2921 Antoni,
475 2859 639 2912 oratorem
654 2849 755 2922 faois3
779 2857 877 2928 atque
899 2848 988 2911 haud
1006 2851 1083 2922 scio,

64 2956 106 2998 an
119 2938 218 2998 aliter
229 2938 361 3007 sentias
373 2944 405 2996 et
417 2943 512 2996 utare
524 2934 647 2996 maille
661 2934 799 2996 mirifica
813 2933 855 2995 ad
867 2934 1083 2997 refellendum

64 3019 310 3092 consuetudine,
332 3020 395 3099 qud
418 3019 479 3081 tibi
503 3039 599 3081 nemo
621 3039 768 3098 unquam
790 3021 924 3101 praestiti
951 3042 959 3092 ;
989 3022 1083 3098 cujus

16 3120 17 3139 ³
64 3106 197 3184 quidem
221 3105 323 3185 ipsius
348 3102 517 3165 facultatis
543 3105 735 3166 exercitatio
760 3112 926 3165 oratorum
952 3104 1083 3183 propria

65 3201 123 3260 est,
145 3188 203 3250 sed
225 3190 298 3266 jam
319 3189 354 3249 in
379 3188 640 3269 philosophorum
667 3186 900 3249 consuetudine
923 3196 1082 3258 versatur,

65 3273 271 3352 maximeque
284 3292 405 3344 eorum,
417 3275 472 3352 qui
484 3272 523 3334 de
536 3275 623 3334 omni
639 3292 674 3333 re
686 3269 849 3351 proposita
862 3271 897 3328 in
908 3280 1081 3348 utramque

66 3366 194 3439 partem
212 3357 318 3419 solent
334 3357 554 3436 copiosissime
569 3357 687 3416 dicere.
727 3352 855 3412 'Verum
877 3371 939 3428 ego
954 3371 1019 3412 non
1033 3373 1081 3413 so-

67 3443 132 3504 lum
154 3441 349 3513 arbitrabar,
364 3442 414 3502 his
436 3442 618 3523 praesertim
633 3435 857 3524 ‚audientibus
873 3455 894 3495 a
909 3454 961 3496 me
984 3434 1081 3497 infor-

66 3527 148 3588 mari
163 3534 323 3606 oportere,
335 3527 441 3605 qualis
454 3546 524 3587 esse
539 3531 648 3605 posset
663 3523 699 3595 ie,
711 3521 767 3601 qui
782 3519 947 3582 habitaret
962 3519 996 3581 in
1007 3520 1081 3581 snb-

68 3612 173 3681 selliis,
197 3630 302 3691 neque
332 3610 510 3690 quidquam
536 3608 676 3688 amplius
705 3605 847 3677 afferret,
869 3606 967 3685 quam
996 3604 1080 3684 quod

16 3722 21 3747 t
69 3713 240 3757 causarum
254 3697 433 3757 necessitas
448 3694 646 3774 postularet:
669 3691 726 3754 sed
739 3692 848 3769 majus
863 3689 1018 3768 quiddam
1033 3691 1080 3751 vi-

69 3778 278 3851 debam,oi1m
293 3778 478 3850 censebam,
493 3786 665 3848 oratorem,
677 3776 858 3858 praesertim
873 3775 905 3834 in
921 3772 1031 3837 nostri
1044 3795 1079 3837 re

549 3863 589 3921 61¹
