2434 4286
329 471 368 512 nn
388 469 530 513 onerose
550 469 638 510 mnan
659 469 824 511 sacomam
1021 454 1083 511 153

68 638 163 681 cere:
192 617 313 680 Crasso
335 616 474 687 dicente,
495 633 592 676 nemo
613 623 683 676 tam
706 634 878 694 arrogans,
893 616 949 695 qui
971 616 1082 677 simili·

66 709 115 763 ter
129 722 164 763 se
180 721 329 780 unquam
350 700 511 761 dicturum
534 717 604 760 esse
619 698 805 761 confideret.
849 698 1082 773 Quamobrem,

68 804 107 846 ne
130 785 251 846 frustra
273 783 306 845 hi
328 784 413 845 tales
434 785 497 844 viri
520 783 678 853 venerint,
700 793 733 844 te
756 781 940 862 aliquando,
955 781 1082 855 Crasse,

68 868 252 929 audiamus,
530 882 533 889 ·

107 951 176 1013 ΧΟ.
200 952 288 1013 Tum
303 951 367 1021 ille,
382 950 426 1012 Ut
447 951 496 1011 ita
519 952 584 1013 ista
599 969 669 1012 esse
685 947 873 1020 concedam,
887 950 1001 1028 inquit,
1017 949 1082 1010 An·

68 1036 144 1107 toni,
160 1055 235 1114 quae
255 1045 332 1095 sunt
355 1034 450 1111 longe
473 1055 577 1108 secus,
593 1033 669 1114 quid
683 1033 763 1094 mihi
779 1044 815 1094 tu
829 1031 963 1094 tandem
978 1031 1083 1103 hodie,

68 1129 125 1178 aut
148 1121 304 1196 cuiquam
325 1117 456 1188 homini,
476 1118 561 1196 quod
580 1118 644 1178 dici
667 1117 776 1197 possit,
798 1117 957 1196 reliquisti
968 1114 984 1176 l·
1026 1115 1083 1178 Di·

68 1221 143 1262 cam
159 1203 249 1262 enim
263 1202 349 1272 vere,
365 1203 554 1262 amicissimi
575 1201 731 1272 homines,
747 1199 833 1278 quod
848 1202 972 1261 sentio:
995 1201 1082 1280 saepe

67 1304 130 1362 ego
154 1283 269 1345 doctos
293 1280 559 1363 homines...quid
585 1285 665 1355 dico,
685 1284 791 1365 saepe?
814 1285 913 1343 immo
938 1302 1082 1344 nonnun-

66 1387 169 1447 quam
186 1369 286 1448 (saepe
303 1369 390 1428 enim
405 1367 459 1446 qui
479 1370 579 1447 potui,
594 1369 649 1446 qui
664 1386 744 1447 puer
758 1368 792 1427 in
806 1365 913 1427 forum
927 1368 1082 1438 venerim,

66 1470 176 1530 neque
198 1451 273 1511 inde
295 1471 440 1529 unquam
462 1451 590 1521 diutius,
605 1451 701 1528 quam
717 1459 865 1528 quaestor,
881 1447 1079 1528 abfuerint)

67 1534 124 1595 sed
150 1544 264 1595 tamen
287 1535 409 1605 audivi,
434 1543 470 1595 ut
499 1534 569 1595 heri
597 1533 757 1603 dicebam,
783 1540 816 1593 et
845 1531 982 1593 Athenis
1008 1533 1083 1593 cum

67 1637 185 1689 essem,
200 1617 402 1679 doctissimos
417 1619 513 1688 viros,
528 1627 561 1679 et
584 1619 617 1677 in
638 1617 716 1677 Asia
738 1617 835 1677 istum
857 1618 964 1697 ipsum
984 1614 1082 1695 Scep·

66 1702 154 1762 sium
177 1700 410 1772 Metrodorum,
432 1702 507 1761 clim
522 1700 568 1762 de
591 1699 641 1760 his
662 1701 741 1780 ipsis
762 1700 859 1761 rebus
881 1699 1082 1779 disputaret:

66 1804 176 1864 neque
191 1784 271 1845 vero
290 1783 369 1845 mihi
391 1785 562 1862 quisquam
577 1784 738 1863 copiosius
759 1802 903 1861 unquam
919 1784 1009 1843 visus
1024 1792 1083 1853 est,

66 1886 176 1946 neque
198 1868 357 1937 subtilius,
373 1869 405 1926 in
427 1866 488 1928 hoe
504 1887 623 1945 genere
639 1866 775 1935 dicendi,
791 1866 886 1943 quarn
902 1867 962 1926 iste
979 1865 1083 1936 hodie,

66 1970 140 2012 esse
163 1960 322 2011 versatus.
366 1949 464 2026 Quod
485 1952 514 2012 si
535 1960 620 2011 esset
643 1950 746 2018 aliter,
766 1958 799 2010 et
822 1948 944 2028 aliquid
966 1949 1082 2010 iutelli-

65 2054 183 2112 gerem
199 2035 242 2095 ab
258 2035 399 2096 Antonio
421 2037 682 2114 praetermissum,
698 2053 761 2093 non
777 2052 882 2093 essem
903 2040 972 2094 tarn
995 2033 1081 2093 inur-

65 2117 187 2189 banus
202 2137 242 2178 ac
264 2119 357 2197 paene
375 2117 581 2190 inhumanus,
600 2115 648 2178 uti
670 2137 709 2178 eo
730 2135 897 2195 gravarer,
918 2115 1003 2196 quod
1024 2135 1093 2202 vos,

67 2221 191 2281 cupere
207 2202 369 2262 sentirem.

111 2285 200 2345 Tum
225 2284 398 2365 Sulpicius
424 2284 476 2345 An
503 2304 590 2362 ergo,
612 2285 725 2362 inquit,
747 2283 867 2345 oblitus
889 2304 933 2356 es,
956 2283 1082 2355 Crasse,

30 2376 41 2395 '·
66 2368 251 2431 Antonium
272 2370 321 2428 ita
342 2370 500 2447 partitum
522 2387 591 2428 esse
606 2377 726 2436 tecum,
741 2375 778 2427 ut
799 2368 868 2447 ipse
890 2369 1082 2428 instrumen-

65 2461 140 2513 tum
163 2454 301 2513 oratoris
324 2460 510 2531 exponeret,
535 2451 593 2512 tibi
619 2452 691 2527 ejus
716 2449 968 2512 distinctionem·
983 2460 1082 2528 atque

66 2545 221 2597 ornatum
237 2532 458 2614 relinqueret?
503 2533 567 2595 Hic
588 2535 652 2606 ille,
677 2532 830 2604 Primum,
850 2535 922 2612 quis
942 2532 1083 2594 Antonio

66 2620 228 2701 permisit,
249 2620 364 2697 inquit,
385 2627 423 2679 ut
445 2626 478 2679 et
500 2627 610 2698 partes
632 2616 765 2686 faceret,
785 2625 827 2687 et,
850 2625 959 2675 utram
974 2615 1083 2688 vellet,

66 2704 159 2783 prior
172 2703 242 2781 ipse
258 2700 424 2762 sumeret?
465 2699 602 2772 Deinde,
617 2702 644 2761 si
659 2719 721 2777 ego
734 2700 822 2759 recte
837 2698 992 2779 intellexi,
1009 2699 1084 2760 cum

67 2786 167 2847 valde
195 2786 333 2846 libenter
359 2785 516 2856 audirem,
545 2785 629 2845 mihi>
649 2783 827 2860 conjuncte
853 2791 903 2842 est
928 2784 1017 2842 visus
1042 2782 1083 2843 de

67 2871 208 2947 utrique
230 2889 264 2930 rc
287 2869 404 2930 dicere.
448 2867 506 2928 llle
529 2868 615 2939 vero,
637 2868 741 2945 inquit
763 2864 868 2937 Cotta,
890 2876 1085 2929 ornamenta

68 2954 229 3014 orationis
250 2972 314 3013 non
336 2953 456 3029 attigit,
478 2971 582 3030 neque
603 2971 678 3013 cam
701 2949 843 3021 laudem,
866 2969 907 3010 ex
932 2950 995 3028 qui
1020 2952 1084 3012 elo·

69 3038 208 3114 quentia
233 3055 351 3096 nornen
376 3037 483 3115 ipsum
512 3036 646 3095 invenit.
701 3033 813 3095 Verba
843 3035 951 3110 igitur,
980 3035 1084 3113 inquit

70 3120 219 3192 Crassus
232 3119 313 3181 mihi
328 3120 459 3197 reliquit
474 3117 633 3179 Antonius
647 3141 655 3189 3
676 3138 746 3178 rem
761 3120 830 3197 ipse
846 3118 971 3177 sumsit.

113 3204 202 3264 Tum
224 3201 344 3273 Caesar,
370 3201 415 3274 Si,
436 3201 522 3281 quod
544 3202 707 3263 difficilius
729 3211 787 3271 est,
809 3200 842 3260 id
863 3200 924 3262 tibi
945 3201 1084 3278 reliquit,

72 3296 122 3347 est
145 3286 249 3357 nobis
271 3286 383 3364 inquit,
406 3306 516 3357 causa,
539 3295 651 3346 curte
674 3284 786 3346 audire
810 3285 1002 3362 cupiamus;
1025 3285 1084 3355 sin,

71 3370 159 3449 quod
175 3369 313 3439 facilius,
324 3369 384 3430 tibi
400 3388 502 3430 causa
517 3389 581 3430 non
596 3377 656 3438 est,
670 3387 728 3427 cur
743 3385 882 3427 recuses
927 3365 971 3427 Et
986 3366 1084 3428 Catu-

74 3454 134 3525 lus.
160 3450 273 3530 Quid?
307 3452 393 3532 quod
418 3453 537 3524 dixisti,
566 3453 678 3530 inquit,
707 3448 833 3527 Crasse,
858 3452 886 3510 si
911 3448 963 3511 hic
989 3449 1084 3512 hodie

74 3538 162 3619 apud
187 3547 220 3597 te
244 3556 460 3607 maneremus,
484 3545 517 3598 te
543 3555 667 3595 morem
692 3534 784 3593 nobis
811 3553 881 3593 esse
907 3544 1085 3611 gesturum,

73 3623 196 3683 nihilne
223 3620 265 3680 ad
286 3619 384 3681 fidem
405 3631 498 3681 tuam
523 3627 621 3698 putas
646 3615 832 3698 pertinerel
877 3616 962 3677 Tum
988 3615 1086 3677 Cotta

74 3705 193 3776 ridens
208 3703 340 3765 Possem
356 3703 424 3774 tibi,
439 3704 552 3779 inquit,
567 3700 692 3771 Crasse,
708 3700 906 3761 concedere:
929 3699 986 3758 sed
1000 3698 1085 3769 vide,

75 3786 218 3867 nequid
243 3786 380 3848 Catulus
406 3786 553 3847 attulerit
578 3785 762 3861 religionis}
785 3803 866 3863 opus
890 3781 952 3840 hoc
975 3799 1085 3840 censo·

75 3875 160 3935 rium
175 3879 246 3933 est:
269 3869 302 3932 id
324 3869 435 3930 aute'm
450 3868 662 3935 committere,
677 3864 769 3926 vides
783 3865 879 3941 quim
899 3862 945 3920 sit
964 3860 1085 3920 homini
