2444 4276
139 374 200 434 let
412 392 452 434 nn
472 393 613 435 aaaron
634 393 723 435 mua
743 393 880 436 carmus.

136 538 278 619 dumque
289 547 406 621 pectus
417 540 637 603 maximarum
647 559 756 603 remm
767 550 800 603 et
814 541 1033 622 plurimarum
1047 545 1163 607 suavi-
1211 564 1212 577 ³

135 630 214 696 tate,
232 624 334 705 copie,
348 625 522 686 varietate.
1211 686 1212 707 ,

178 707 297 770 XXXI.
320 692 444 770 Nostra
458 718 511 769 est·
528 709 617 769 enim
634 709 674 789 (si
690 708 785 770 modd
800 729 859 771 nos
874 718 1019 772 oratores
1034 730 1164 785 sumus,

136 792 164 852 si
180 793 214 852 in
228 794 353 854 civium
365 791 666 873 disceptationibus,
677 793 704 854 si
719 796 753 854 in
769 795 932 873 periculis
943 796 970 855 si
986 795 1019 856 in
1035 794 1164 857 delibe-
1211 796 1212 799 ’

136 876 319 938 rationibus
333 876 482 957 publicis,
497 876 675 938 adhibendi
686 886 848 949 auctores
863 888 896 939 et
918 880 1083 960 principes
1106 899 1164 941 su·
1211 918 1212 963 t

136 960 221 1039 mus)
238 969 350 1022 nostra
365 969 423 1032 est,
439 963 582 1042 inquam,
593 962 698 1023 omnis
712 962 778 1023 ista
793 962 972 1042 prudentiae
987 963 1163 1025 doctrinae·
1211 966 1212 1013 1

136 1064 200 1123 que
222 1046 393 1125 possessio,
420 1047 454 1107 in
476 1064 575 1125 quam
596 1045 753 1119 homines
769 1048 863 1125 quasi
878 1046 1040 1109 caducam
1055 1056 1163 1127 atque

135 1146 289 1201 vacuam,
314 1128 521 1201 abundantes
543 1130 618 1199 otio,
643 1129 749 1210 (nobis
771 1130 961 1211 occupatis)
988 1132 1162 1194 involave-

135 1220 221 1283 runt,
232 1222 331 1292 atque
347 1215 449 1276 etiam
463 1222 523 1274 aut
538 1213 709 1276 irridentes
724 1222 897 1287 oratorem,
908 1225 945 1275 ut
959 1215 1015 1276 illc
1027 1217 1061 1276 in
1076 1215 1163 1279 Gor·

135 1297 190 1374 gia
213 1295 376 1370 Socrates
400 1297 607 1370 cavillantur,
627 1306 686 1359 aut
709 1299 832 1377 aliquid
854 1299 893 1359 de
919 1300 1057 1360 oratoris
1084 1311 1162 1363 arta

134 1382 252 1462 paucis
267 1383 460 1463 praecipiunt
482 1381 610 1453 libellis,
625 1402 745 1462 eosque
761 1381 937 1444 rhetoricos
952 1383 1139 1446 inscribunt
1152 1408 1162 1458 3
1211 1372 1212 1451 l

135 1466 230 1544 quasi
251 1486 317 1527 non
338 1467 398 1527 illa
414 1467 478 1527 sint
500 1469 632 1549 propria
651 1467 827 1538 rhetorum,
838 1486 911 1546 quae
926 1467 969 1526 ab
984 1466 1102 1528 iisdem
1118 1469 1163 1532 de
1211 1490 1212 1493 ’

136 1549 275 1626 justitiis,
286 1550 327 1612 de
343 1548 460 1622 officio,
471 1549 511 1611 de
524 1551 714 1613 civitatibus
725 1550 931 1612 instituendis
946 1559 979 1611 et
994 1552 1162 1628 regendis
1211 1600 1212 1633 ,

136 1631 176 1692 de
200 1634 288 1694 omni
309 1634 451 1706 vivendi,
471 1634 610 1713 denique
632 1638 733 1697 etiam
754 1634 794 1696 de
811 1645 937 1696 naturae
958 1636 1094 1707 ratione,
1110 1636 1163 1699 di·
1211 1648 1212 1701 Ξ

10 1780 18 1788 f
91 1768 107 1783 ,
136 1727 264 1778 cuntur.
271 1708 394 1793 &Quae
409 1719 563 1797 quoniam
581 1721 654 1797 jam
676 1719 807 1780 aliunde
827 1740 892 1783 non
907 1739 1089 1800 possumus
1105 1740 1163 1784 su·
1184 1752 1212 1809 sp

135 1801 256 1863 menda
277 1813 352 1864 sunt
374 1803 468 1865 nobis
483 1802 526 1864 ab
541 1805 581 1865 iis
603 1805 690 1885 ipsis,
705 1825 726 1865 a
741 1804 859 1883 quibus
874 1804 1006 1884 expilati
1022 1824 1142 1866 sumus
1152 1802 1203 1879 sl*

135 1885 310 1948 dummodo
324 1888 384 1949 illa
398 1888 440 1949 ad
452 1884 541 1949 'hanc
558 1888 689 1950 civilem
707 1889 888 1959 scientiam,
903 1886 966 1967 quo
982 1890 1162 1967 pertinent,

136 1980 170 2031 et
192 1989 292 2049 quam
314 1974 490 2044 intuentur,
505 1972 761 2034 transferamus:
785 1992 890 2049 neque
908 1973 957 2051 (ut
980 1973 1056 2033 ante
1072 1973 1158 2052 dixi)

137 2072 266 2116 omnem
292 2064 438 2117 teramus
463 2058 497 2117 in
523 2055 573 2117 his
596 2055 758 2117 discendis
781 2055 879 2117 rebus
903 2064 1056 2127 aetatem3
1089 2059 1162 2130 sed,

137 2139 212 2198 cum
234 2138 340 2200 fontes
364 2140 550 2211 viderimus,
572 2159 653 2219 quos
673 2142 736 2202 nisi
758 2142 813 2220 qui
833 2141 983 2202 celeriter
998 2141 1162 2219 cogndrit,

136 2240 305 2301 nunquam
330 2233 504 2301 cognoscet
528 2224 669 2295 omnino,
693 2233 773 2296 tum,
797 2226 1051 2304 quotiescunque
1073 2247 1163 2307 opus
1211 2268 1212 2271 κ

136 2305 208 2376 erit,
237 2325 279 2368 ex
314 2309 354 2367 iis
391 2318 521 2369 tantum
542 2319 710 2388 quantum
746 2328 798 2370 res
827 2316 925 2388 petet,
954 2307 1160 2372 hauriemus,

136 2387 226 2450 Nam
241 2411 347 2472 neque
362 2400 432 2453 tam
448 2402 498 2453 est
519 2394 605 2454 acris
628 2394 718 2454 acies
739 2393 772 2453 in
795 2393 921 2453 naturis
938 2391 1108 2454 hominum
1124 2405 1158 2457 et

135 2473 285 2551 ingeniis
301 2485 338 2538 ut
359 2495 411 2538 res
432 2485 544 2538 tantas
566 2477 748 2557 quisquam,
770 2478 831 2538 nisi
853 2486 1062 2548 monstratas,
1084 2497 1157 2557 pos·

136 2559 180 2620 sit
204 2560 340 2633 videre3
384 2580 489 2639 neque
516 2571 610 2622 tanta
638 2571 752 2623 tamen
780 2563 814 2621 in
839 2560 938 2622 rebus
964 2561 1161 2636 obscuritas,

135 2653 173 2704 ut
195 2664 253 2706 eas
275 2666 339 2707 non
361 2646 491 2727 penitus
513 2648 583 2708 acri
598 2646 794 2724 viringenio
809 2655 931 2718 cernat,
947 2644 1083 2707 simodo
1101 2646 1160 2709 ad·
1211 2684 1212 2725 r

136 2732 288 2808 spexerit.
1133 2754 1135 2765 ¹

179 2810 215 2870 In
235 2811 296 2873 hoc
319 2814 419 2890 igitur
438 2822 533 2875 tanto
551 2822 621 2875 tam
643 2814 865 2892 immensoque
881 2833 1007 2895 campo,
1023 2815 1098 2875 cum
1121 2816 1160 2877 li·
1211 2814 1212 2817 ’

137 2903 211 2954 ceat
233 2899 354 2957 oratori
376 2899 492 2975 vagari
516 2897 625 2970 libere,
641 2907 749 2977 atquc,
763 2896 949 2976 ubicunque
965 2900 1160 2973 constiterit,

137 2979 313 3040 consistere
329 2981 362 3040 in
377 3000 446 3051 suo,
461 2981 558 3042 facile
581 2983 769 3062 suppeditat
791 2983 895 3042 omnis
910 2995 1091 3062 apparatus
1108 3004 1159 3045 or·

136 3071 298 3142 natusque
306 3063 451 3125 dicendi.
488 3064 611 3127 Rerum
623 3068 710 3128 enim
726 3067 821 3145 copia
836 3065 1010 3127 verborum
1026 3069 1160 3146 copiam

137 3147 263 3224 giguit:
286 3159 329 3220 et,
345 3150 372 3210 si
388 3158 438 3211 est
460 3148 615 3211 honestas
629 3152 662 3211 in
678 3149 776 3211 rebus
797 3150 875 3229 ipsis
889 3150 929 3211 de
945 3151 1063 3229 quibus
1078 3150 1159 3213 dici-

136 3240 199 3303 tur,
211 3235 338 3295 exsistit
353 3254 394 3295 ex
409 3234 457 3296 rei
471 3235 589 3295 natura
600 3235 733 3313 quidam
748 3233 899 3314 splendor
914 3235 948 3295 in
963 3235 1081 3296 verbis.
1106 3235 1159 3298 Sit

136 3317 233 3378 modd
247 3318 284 3389 is,
300 3320 355 3397 qui
370 3318 456 3380 dicct
475 3327 532 3380 aut
555 3318 684 3391 scribet,
700 3320 868 3380 institutus
883 3318 1064 3380 liberaliter
1079 3318 1158 3381 edu-

137 3404 266 3463 catione
283 3400 490 3482 doctrsr'r'eique
506 3404 633 3483 puerili,
645 3412 677 3464 et
693 3403 810 3480 flagret
825 3403 940 3472 studio,
957 3413 990 3464 et
1005 3424 1027 3462 a
1038 3405 1159 3464 natura

92 3507 97 3515 ¹
138 3484 333 3562 adjuratum
356 3496 397 3557 et,
412 3489 445 3546 in
461 3489 687 3548 universorum
709 3506 867 3564 generum
883 3487 1016 3548 infinitis
1031 3486 1158 3568 discep-
1211 3512 1212 3557 l

137 3569 317 3630 tationibus
332 3572 540 3642 exercitatus,
556 3573 779 3633 ornatissimos
800 3573 974 3651 scriptores
997 3580 1157 3633 oratores-

138 3671 201 3729 que
218 3652 260 3712 ad
282 3655 543 3730 cognoscendum
566 3656 824 3735 imitandumque
840 3655 1011 3737 delegant:
1026 3636 1157 3753 Ι’ῃῷἰίίθ

137 3733 227 3795 haud
249 3736 337 3807 sane,
352 3737 627 3813 quemadmodum
642 3739 745 3800 verba
767 3748 872 3801 struat
892 3749 925 3801 et
947 3738 1120 3812 illuminet,
1135 3761 1157 3802 a

138 3819 305 3892 magistris
320 3819 390 3878 istis
406 3818 568 3897 requiret:
591 3823 639 3882 ita
652 3822 762 3893 facile,
773 3826 806 3885 in
821 3843 930 3885 rerum
946 3822 1156 3891 abundantii.
