2452 4290
298 366 340 410 on
361 365 502 409 oureus
522 367 612 409 amau
632 366 797 410 emanue.
1018 355 1061 414 69

37 513 154 578 vinitirs
169 533 247 576 esse
259 513 361 586 dicta,
372 513 569 576 custodirem
581 513 693 587 literis,
703 515 732 576 si
742 515 811 578 ullo
821 514 918 579 modo
929 521 1061 599 assequi

38 600 278 682 complectique
293 599 473 680 potuissem
487 621 495 670 ;
517 599 581 671 vel,
596 598 793 675 mehercule,
808 602 920 674 etiam,
937 611 974 665 ut
990 603 1060 677 lau·

37 686 106 748 dem
121 703 253 754 eorum,
264 684 339 760 jam
353 683 453 763 prope
468 693 701 756 senescentem,
723 694 883 763 quantum
905 706 967 765 ego
988 707 1060 769 pos·

37 791 110 843 sem,
125 770 172 830 ab
188 767 357 830 oblivione
373 767 542 829 hominum
554 778 653 846 atque
668 788 691 829 a
704 768 835 831 silentio
846 770 1058 835 vindicarem.

37 854 131 926 Nam,
148 855 178 917 si
194 852 385 931 exscriptis
410 853 562 930 cognosci
578 853 642 933 ipsi
657 854 725 913 suis
739 855 931 933 potuissent,
953 858 1061 919 minirs

37 938 93 1001 hoc
108 938 255 999 fortasse
270 935 352 998 mihi
367 954 438 998 esse
453 936 622 1016 putassem
636 936 874 999 laborandum:
897 939 963 1009 sed,
985 942 1061 1004 cirm

37 1024 117 1084 alter
140 1042 212 1083 non
236 1020 378 1082 multum
396 1019 494 1100 (quod
517 1020 648 1100 quidem
671 1021 840 1098 exstaret),
862 1032 896 1084 et
919 1023 1060 1104 idipsum

37 1107 241 1177 adolescens,
258 1105 344 1166 alter
359 1104 439 1167 nihil
456 1097 642 1176 admodum,
651 1106 764 1184 scripti
778 1106 983 1185 reliquissem
1006 1108 1060 1171 de·

36 1190 103 1253 beri
118 1190 185 1252 hoe
202 1210 225 1251 a
240 1209 292 1250 me
309 1189 410 1249 tantis
425 1188 593 1251 hominum
615 1190 756 1266 ingeniis
777 1192 904 1269 putavi,
926 1201 964 1253 ut
985 1194 1061 1256 cirm

37 1277 138 1337 etiarn
153 1292 245 1335 nunc
261 1274 376 1334 vivam
390 1273 520 1334 illorum
544 1275 738 1334 memoriam
755 1283 953 1347 teneremus,
975 1276 1060 1340 hanc

37 1358 262 1421 immortalem
276 1356 454 1429 redderem,
469 1359 497 1418 si
511 1377 649 1439 possem.
694 1356 792 1432 Quod
808 1357 869 1419 hoc
884 1358 987 1420 etiam
1002 1380 1060 1441 spe

37 1443 215 1522 aggredior
228 1443 355 1520 majore
367 1441 408 1502 ad
421 1440 634 1521 probandum,
645 1441 723 1521 quia
734 1441 850 1503 nonde
863 1440 932 1505 Ser.
944 1441 1061 1506 Galbae

37 1537 92 1588 aut
107 1526 146 1589 C.
163 1525 328 1588 Carbonis
340 1525 525 1604 eloquentia
538 1526 645 1587 scribo
660 1524 793 1605 aliquid,
817 1528 851 1587 in
874 1545 938 1605 quo
960 1527 1060 1591 liceat

36 1611 114 1673 mihi
130 1612 273 1689 fingere,
288 1611 315 1672 si
331 1609 409 1689 quid
424 1610 533 1681 velim,
555 1610 678 1671 nullius
701 1611 859 1671 memorii
875 1612 950 1688 jam
966 1610 1061 1674 refel-

35 1696 143 1758 lente:
167 1694 227 1756 sed
243 1694 305 1755 edo
319 1693 400 1766 haec,
415 1695 455 1755 iis
480 1694 719 1772 cognoscenda,
743 1695 799 1774 qui
821 1714 879 1756 eos
902 1696 998 1776 ipsos,
1019 1696 1060 1760 de

12 1804 14 1815 ·
35 1780 157 1859 quibus
173 1780 298 1858 loquor,
314 1779 400 1858 saepe
422 1778 618 1850 audierunt3
641 1787 678 1840 ut
694 1778 775 1839 duos
797 1798 942 1841 summos
964 1781 1061 1854 viros,

34 1866 77 1926 iis
87 1866 149 1944 qui
163 1871 320 1925 neutrum
336 1863 466 1924 illorum
481 1862 633 1935 viderint,
648 1880 761 1925 eorum
773 1862 891 1942 quibus
903 1863 1001 1925 ambo
1012 1865 1061 1928 illi

35 1953 186 2013 oratores
210 1948 334 2025 cogniti
357 1949 432 2020 sint,
455 1949 607 2009 vivorum
621 1955 655 2009 et
669 1947 890 2028 praesentium,
904 1948 1062 2011 memorii

35 2042 131 2105 teste,
147 2030 425 2093 commendemus,

75 2117 130 2179 ΙΙΙ.
154 2114 231 2179 Nec
247 2114 326 2178 veri)
341 2125 384 2188 tc,
399 2116 568 2177 carissime
591 2114 696 2177 frater
717 2123 818 2196 atque
841 2117 973 2196 optime,
988 2117 1060 2181 rhe-

35 2203 149 2264 toricis
163 2219 255 2262 nunc
270 2199 466 2281 quibusdam
477 2199 578 2271 libris„
590 2207 719 2280 questu
734 2210 883 2278 agrestes
893 2211 1001 2282 putas,
1013 2204 1060 2264 in·

36 2305 155 2366 sequor
170 2292 210 2349 ut
225 2284 396 2346 erudiam:
419 2284 496 2365 quid
511 2286 600 2345 enim
625 2283 683 2346 tuti
705 2293 813 2364 potest
837 2287 984 2347 oratione
1001 2295 1061 2350 aut

36 2370 193 2433 subtilius
217 2377 276 2430 aut
301 2369 448 2430 ornatius
463 2365 558 2429 essel
582 2368 640 2430 sed
656 2362 877 2453 [quanquam]
893 2371 963 2432 sive
974 2370 1060 2449 judi·

35 2456 92 2528 cio,
108 2463 150 2515 ut
165 2452 255 2514 soles
269 2452 387 2524 dicere,
403 2454 482 2524 sive,
497 2460 534 2514 ut
549 2452 604 2515 ille
626 2463 722 2534 pater
744 2454 938 2533 eloquentiae
961 2454 1001 2516 de
1024 2474 1060 2518 se

34 2538 200 2601 leocrates
224 2538 353 2617 scripsit
376 2537 456 2617 ipse,
479 2537 603 2617 pudore
625 2557 647 2598 a
669 2537 816 2609 dicendo,
831 2547 864 2601 et
884 2537 1060 2602 timiditate

34 2624 181 2703 ingenua
191 2622 342 2702 quadam,
351 2620 510 2699 refugisti,
519 2622 599 2692 sive,
608 2630 645 2683 ut
657 2622 726 2701 ipse
735 2621 842 2698 jocari
853 2619 948 2693 soles,
958 2640 1061 2684 unum

36 2708 161 2788 putasti
177 2704 260 2768 satis
275 2725 346 2767 esse
361 2725 426 2767 non
441 2705 537 2767 modo
551 2706 586 2766 in
600 2705 666 2766 una
680 2703 805 2774 familiai
819 2703 991 2777 rhetorem,
1003 2706 1060 2781 sed

35 2791 128 2873 pane
144 2792 183 2852 in
197 2790 266 2852 tots
281 2790 415 2852 civitate
427 2811 435 2861 ;
458 2798 650 2851 nontamen
666 2788 806 2850 arbitror
816 2788 876 2850 tibi
887 2788 947 2850 hos
961 2789 1061 2853 libros

35 2878 65 2937 in
80 2897 125 2939 eo
141 2875 214 2936 fore
230 2893 362 2952 genere,
376 2873 461 2953 quod
487 2872 613 2945 merito,
638 2882 770 2955 propter
795 2894 918 2947 eorum,
940 2875 997 2954 qui
1019 2875 1060 2938 de

34 2959 169 3023 dicendi
184 2960 313 3020 ratione
337 2958 553 3038 disputarunt,
572 2959 784 3037 jejunitatem
805 2957 967 3023 bonarum
982 2960 1060 3021 arti·

34 3063 100 3117 um,
115 3043 224 3126 possit
239 3042 340 3104 illudi.
384 3040 477 3105 Nihil
502 3044 590 3105 euim
614 3041 695 3104 mihi
717 3043 850 3122 quidem
872 3043 1003 3107 videtur
1024 3045 1060 3107 in

34 3128 148 3191 Crassi
172 3136 208 3188 ct
231 3127 366 3189 Antonii
381 3146 530 3190 sermone
553 3145 624 3188 esse
646 3130 859 3208 praeteritum,
873 3126 960 3206 quod
974 3128 1060 3206 quis·

34 3233 138 3293 quam
153 3212 295 3272 summis
308 3212 457 3289 ingeniis,
472 3212 641 3274 acerrimis
664 3211 794 3285 studiis,
808 3211 930 3290 optima
943 3209 1060 3272 doctri·

35 3298 86 3370 ni,
100 3296 254 3359 maximo
268 3314 340 3368 usu,
355 3297 507 3373 cognosci
522 3316 562 3358 ac
577 3296 703 3376 percipi
725 3295 869 3373 potuisse
885 3291 1059 3356 arbitrare·

35 3391 109 3454 tur;
132 3378 225 3460 quod
238 3388 276 3441 tu
289 3378 448 3441 facillime
463 3381 586 3461 poteris
604 3379 765 3459 judicare,
779 3377 836 3455 qui
850 3374 1060 3455 prudentiam

35 3468 269 3543 rationemque
284 3463 413 3525 dicendi
427 3473 533 3545 perte
548 3465 666 3545 ipsum,
681 3480 778 3525 usum
792 3470 904 3525 autem
919 3477 978 3540 per
991 3479 1060 3534 nos,

35 3551 211 3632 percipere
238 3548 379 3609 voluisti.
423 3546 498 3620 Sed,
521 3549 586 3630 qud
608 3547 705 3611 citius
727 3545 799 3619 hoc,
816 3545 902 3626 quod
915 3545 1059 3624 suscepi·

35 3654 120 3707 mus,
129 3653 200 3696 non
223 3631 386 3695 mediocre
410 3652 539 3706 munus,
563 3631 723 3695 conficere
747 3633 919 3713 possimus,
942 3627 1061 3690 omissa

36 3719 149 3782 nostra
166 3716 406 3790 adhortatione,
430 3716 472 3781 ad
496 3736 619 3788 eorum,
641 3735 723 3795 quos
744 3716 980 3800 proposuimus,
994 3731 1059 3783 ser·

36 3822 173 3869 monem
187 3801 509 3884 disputationemque
523 3801 705 3863 veniamus
878 3827 880 3835 r
