2434 4286
315 376 358 418 aa
378 374 521 419 marcar
540 374 629 417 mm
649 374 812 421 emesam.
1031 358 1076 423 89

51 525 139 599 dere,
158 534 202 590 ut
223 543 329 588 unum
350 533 436 586 essct
455 523 603 587 omnium
627 541 743 601 genus,
763 522 826 585 nisi
848 521 992 601 aliquem
1012 521 1077 587 sibi

110 620 278 692 ponerent
293 609 335 671 ad
350 608 556 670 imitandum.
600 606 775 669 Consecuti
786 617 863 669 sunt
874 605 935 668 hos
946 605 1076 680 critias,

81 697 295 766 heramenes,
311 693 441 775 Lysias.>
480 691 591 754 Multa
612 691 720 772 Lysias
743 693 866 771 scripta
880 699 976 762 sunt;
998 711 1076 753 non·

7 770 9 783 ’
55 780 147 840 nulla
167 778 308 841 critis:
330 779 371 839 de
392 775 598 839 Theramene
623 775 784 838 audimus.
827 774 952 839 Omnes
974 777 1076 839 etiam

54 872 123 924 tum
137 862 335 926 retinebant
348 862 442 923 illum
456 860 592 923 Periclis
613 879 749 923 succum
762 882 771 931 3
793 858 850 921 sed
864 867 960 925 erant
975 859 1076 940 paulo

56 947 209 1010 uberiore
233 947 299 1008 filo.
343 944 432 1008 Ecce
447 944 508 1006 tibi
523 952 657 1006 exortus
670 953 722 1005 est
735 943 903 1016 isocrates,
917 945 1076 1020 magister

54 1032 194 1095 uterum
218 1031 494 1107 omnium,‘qu'us
508 1048 528 1089 e
542 1028 628 1101 ludo,
643 1037 802 1108 tanquam
826 1047 867 1091 ex
888 1047 972 1107 equo
994 1027 1074 1091 Tro·

54 1117 145 1194 jano,
172 1117 258 1177 meri
282 1115 449 1196 principes
473 1112 634 1184 exierunt,
659 1112 717 1173 sed
745 1132 859 1175 eorum
887 1113 1011 1192 partim
1039 1113 1075 1175 in

54 1201 187 1280 pompa,
200 1201 325 1280 partim
337 1200 373 1259 in
387 1199 470 1268 acie,
485 1197 628 1258 illustres
643 1215 713 1258 esse
730 1197 912 1258 voluerunt,
1048 1228 1055 1233 -

94 1283 216 1346 XXlll.
238 1282 352 1361 Itaque
365 1292 401 1343 et
410 1282 467 1352 illi,
476 1280 687 1361 Theopompi,
695 1279 829 1361 Ephori,
839 1279 975 1353 Philisti,
984 1279 1075 1343 Nau-

7 1384 10 1391 ’
54 1379 166 1440 cratae,
182 1367 344 1445 multique
362 1366 420 1427 alii
441 1366 568 1426 naturis
582 1363 756 1436 differunt3
777 1365 946 1426 voluntate
962 1374 1075 1427 autem

54 1452 182 1513 similes
204 1458 291 1522 sunt,
306 1460 340 1511 et
362 1452 448 1511 inter
468 1468 549 1519 sese,
565 1457 599 1510 et
622 1448 791 1526 magistri:
815 1455 848 1509 et
864 1448 895 1517 ii,
910 1449 965 1527 qui
981 1468 1017 1508 se
1032 1449 1075 1509 ad

55 1555 177 1598 calmas
192 1535 413 1606 contulerunt,
427 1543 464 1594 ut
479 1531 729 1604 Demosthenes,
748 1531 939 1613 Hyperides
954 1530 1075 1612 Lycur·

54 1638 125 1697 gns,
140 1618 328 1690 AEschines
342 1616 539 1687 Dinarchus,
553 1619 676 1696 aliique
697 1617 891 1697 complures,
906 1617 968 1679 etsi
990 1617 1076 1679 inter

55 1723 89 1765 se
104 1722 208 1784 paras
223 1722 287 1764 non
303 1702 445 1772 fuerunt,
460 1710 572 1763 tamen
588 1712 663 1763 sunt
686 1721 798 1763 omnes
813 1702 847 1761 in
862 1700 978 1765 eodem
993 1702 1075 1763 veri·

7 1794 9 1829 l
55 1789 134 1849 tatis
158 1785 329 1849 imitandae
352 1805 472 1864 genere
487 1788 619 1855 versati,
634 1805 770 1864 quorum
786 1785 941 1863 quamdiu
955 1786 1077 1847 mansit

56 1873 208 1943 imitatio,
223 1870 351 1932 tamdiu
372 1888 477 1948 genus
498 1870 579 1931 illud
595 1869 723 1931 dicendi
746 1869 953 1947 studiumque
972 1871 1075 1931 vixit:

7 1966 8 1971 ’
56 1964 284 2037 posteaquam,
296 1957 448 2016 extinctis
461 1953 522 2025 his,
533 1955 639 2015 omnis
654 1973 766 2017 eorum
780 1955 940 2015 memoria
953 1953 1076 2015 sensim

56 2040 237 2102 obscurata
248 2049 297 2100 est
312 2048 345 2100 et
360 2041 512 2110 evanuit;
536 2039 605 2099 alia
619 2038 769 2118 quaedam
781 2036 911 2099 dicendi
925 2038 1076 2101 molliora

55 2144 95 2186 ac
124 2123 317 2185 remissiora
344 2143 469 2200 genera
496 2123 683 2200 viguerunt.
734 2121 820 2183 lnde
844 2121 1076 2196 Demochares

55 2228 155 2288 quem
170 2209 265 2268 aiunt
280 2208 397 2268 sororis
412 2206 517 2268 filium
532 2208 632 2272 luisse
651 2205 883 2269 Demostheni:
906 2216 977 2269 tum
992 2206 1075 2270 Pha·

55 2292 166 2354 lereus
187 2291 244 2352 ille
268 2290 465 2365 Demetrius,
480 2293 625 2355 omnium
648 2293 793 2362 istorum,
810 2291 884 2352 meri
905 2293 1075 2363 sententie,

56 2376 279 2456 politissimus,
301 2375 423 2454 aliique
448 2395 560 2437 eorum
585 2375 717 2448 similes,
740 2378 944 2438 exstiterunt.
990 2375 1075 2450 Qum

56 2461 83 2521 si
95 2460 250 2521 volemus
261 2478 364 2537 usque
378 2458 421 2519 ad
436 2457 497 2520 hoc
509 2470 639 2540 tempus
653 2461 824 2539 persequi:
846 2460 1075 2536 intelligemus,

55 2553 93 2605 ut
104 2543 206 2605 hodia
220 2542 487 2604 Alabandensem
501 2544 594 2604 illum
606 2543 803 2613 Meneclem,
813 2554 846 2605 et
858 2545 929 2622 ejus
940 2541 1076 2605 fratrem

57 2627 259 2698 Hieroclem,
284 2646 364 2704 quos
390 2647 451 2704 ego
481 2627 602 2699 audivi,
627 2637 699 2688 tota
723 2628 871 2687 imitatur
897 2627 999 2698 Asia;
1028 2627 1076 2687 sic

7 2708 12 2775 ἶ
56 2730 188 2792 semper
208 2711 311 2773 fuisse
338 2710 491 2790 aliquem,
513 2713 606 2789 cujus
630 2730 664 2771 se
689 2711 813 2773 similes
836 2710 981 2790 plerique
1004 2729 1075 2772 esse
1147 2705 1155 2711 ’

57 2796 191 2857 vellent.
244 2832 249 2839 ·
618 2821 619 2824 ¹
715 2828 717 2831 ·

97 2877 200 2940 Hanc
223 2878 324 2955 igitur
338 2877 583 2940 similitudinem
598 2880 655 2957 qui
675 2879 858 2941 imitatione
876 2881 1006 2959 assequi
1023 2900 1076 2943 vo·

57 2963 112 3035 let,
122 2972 197 3023 tum
214 2962 636 3024 exercitationibuscrebris
651 2972 749 3040 atque
764 2965 902 3043 magnis
914 2973 984 3025 tum
999 2965 1075 3026 scri-

58 3045 164 3107 bendo
175 3046 319 3107 maxime
330 3056 563 3126 persequatur:
585 3046 708 3125 quodsi
724 3047 776 3109 hic
788 3058 897 3111 noster
911 3048 1076 3128 Sulpicius

59 3130 195 3202 faceret,
217 3129 320 3190 multo
344 3132 416 3207 ejus
438 3132 542 3191 oratio
558 3139 643 3191 esset
666 3133 824 3212 pressior:
847 3134 881 3193 in
903 3133 966 3210 qua
990 3152 1076 3193 nunc

59 3213 223 3276 interdum
240 3214 289 3292 (ut
312 3214 346 3275 in
361 3213 470 3274 herbis
493 3214 606 3277 rustici
628 3217 732 3277 solent
754 3214 876 3292 dicere)
893 3216 927 3274 in
949 3215 1076 3277 summa

58 3298 211 3360 ubertate
229 3293 482 3360 inest'luxuries
504 3298 663 3378 quaedam,
678 3318 750 3377 quae
773 3296 846 3358 stilo
868 3297 1076 3375 depascenda

60 3393 117 3444 est,
164 3381 229 3443 Hic
255 3382 431 3462 Sulpicius
455 3383 511 3445 Me
534 3382 674 3462 quidem,
697 3381 812 3458 inquit,
833 3381 923 3440 recte
944 3400 1075 3445 mones:

59 3466 154 3546 idque
170 3464 251 3527 mihi
273 3476 405 3543 gratum
420 3478 488 3528 est:
514 3467 571 3528 sed
586 3487 627 3528 ne
642 3476 674 3526 te
690 3463 831 3545 quidem,
847 3464 978 3536 Antoni,
994 3464 1075 3526 mul·

58 3561 127 3613 tum
144 3551 342 3630 scriptitdsse
358 3551 505 3613 arbitror.
550 3551 635 3612 Tum
652 3551 717 3621 ille,
731 3548 837 3624 Quasi
853 3548 940 3617 vero,
962 3549 1075 3626 inquit,

59 3654 121 3696 non
134 3655 176 3695 ea
185 3635 378 3716 precipiam
390 3636 473 3703 aliis,
485 3655 558 3714 quae
569 3634 650 3696 mihi
665 3635 728 3715 ipsi
743 3635 867 3699 desint:
890 3632 948 3697 sed
962 3642 1074 3695 tamen

7 3760 9 3789 ,
58 3738 97 3781 ne
120 3717 257 3781 tabulas
280 3719 412 3799 quidem
433 3719 595 3781 conficere
618 3720 793 3781 existimor.
838 3717 963 3781 Verhm
985 3729 1018 3780 et
1040 3720 1075 3780 in

59 3800 129 3876 boc,
150 3821 195 3864 ex
212 3822 248 3866 re
271 3802 428 3866 familiari
449 3805 532 3877 mei,
554 3813 586 3863 et
611 3805 645 3864 in
668 3804 733 3873 illo,
755 3823 796 3864 ex
821 3823 861 3865 eo
882 3802 968 3881 quod
993 3802 1074 3871 dico,

88 3892 94 3907 .
542 3886 583 3943 Β*
