2434 4286
160 362 222 424 116
416 374 457 418 on
477 372 621 417 ounroua
640 358 730 417 maa
751 370 913 415 smuuoua

158 545 249 608 geas,
277 523 388 588 odium
417 529 570 586 creatur:
605 521 666 595 siu,
691 518 777 602 quod
802 527 862 581 aut
889 520 925 581 in
949 517 1054 582 bonos
1081 520 1179 595 viros,

158 621 218 675 aut
243 612 277 673 in
303 629 359 671 eos
384 610 419 671 in
444 627 525 687 quos
554 607 689 686 quisque
714 606 849 668 minime
874 603 1033 677 debuerit,
1058 615 1119 667 aut
1144 609 1179 669 iu

158 716 229 759 rem
255 694 444 775 publicam3
481 703 551 754 tum
579 694 752 763 excitatur,
778 691 806 751 si
832 709 897 750 non
922 698 992 750 tam
1022 690 1180 753 acerbum

159 780 279 852 odium,
294 788 408 841 tamen
430 786 489 839 aut
513 776 645 838 invidiae
661 784 720 837 aut
735 774 801 836 odii
815 794 879 835 non
895 774 1063 836 dissimilis
1078 774 1179 837 offen·

159 866 217 927 sio.
262 863 343 926 Item
358 863 456 924 timor
470 862 628 923 incutitur
643 871 701 921 aut
716 880 756 921 ex
773 862 918 939 ipsorum
932 859 1098 938 perieulis,
1121 869 1180 923 aut

105 942 108 945 ’
159 969 201 1012 ex
227 945 463 1011 communibus.
507 944 644 1008 Interior
674 952 723 1005 est
752 945 808 1005 ille
837 946 1006 1024 proprius:
1039 943 1096 1004 sed
1126 944 1180 1006 hio

159 1053 287 1113 quoque
304 1030 485 1093 communis
506 1028 551 1091 ad
572 1028 713 1091 eandem
734 1027 983 1090 similitudinem
998 1036 1048 1089 est
1063 1029 1180 1108 perdu-

159 1117 290 1180 cendus.
1098 1168 1101 1172 .

203 1201 270 1263 Lll.
293 1199 358 1262 Par
379 1206 478 1277 atque
502 1218 572 1260 una
592 1199 678 1260 ratio
692 1205 743 1260 est
756 1198 838 1277 spei,
852 1198 986 1268 latitiae,
1000 1196 1180 1259 molestiae:

160 1284 217 1348 sed
232 1283 322 1346 haud
336 1284 449 1354 seiam,
464 1303 509 1344 an
523 1284 704 1344 acerrimus
724 1282 822 1359 longe
845 1284 887 1344 sit
909 1282 1056 1343 omnium
1072 1292 1182 1344 motus

161 1370 294 1432 invidiae
307 1391 315 1440 ;
337 1388 398 1428 nec
413 1368 522 1430 minus
537 1368 657 1428 virium
671 1386 752 1447 opus
767 1364 858 1428 sitin
874 1366 914 1428 ei
929 1366 1182 1446 comprimendi,

160 1455 260 1535 quam
274 1454 309 1517 iu
324 1452 505 1515 excitanda
549 1451 701 1515 Invident
726 1459 841 1514 autem
865 1450 1012 1512 homines
1036 1452 1181 1512 maxime

160 1539 306 1620 paribus,
320 1545 380 1598 aut
394 1535 611 1609 inferioribuS‚
627 1537 702 1597 oum
724 1555 760 1597 se
783 1535 915 1597 relictos
930 1536 1085 1606 sentiunt,
1107 1536 1182 1597 illos

161 1632 274 1687 autem
285 1621 396 1683 dolent
411 1620 578 1682 evolasse:
601 1620 659 1681 sed
670 1620 772 1682 etiam
785 1620 1005 1700 superioribus
1016 1619 1183 1682 invidetur

161 1708 248 1788 saepe
263 1705 487 1776 vehomenter,
511 1714 545 1766 et
569 1705 609 1766 eo
633 1703 749 1782 magio,
763 1706 792 1766 si
806 1704 1036 1766 intolerantius
1051 1723 1087 1766 se
1110 1705 1182 1783 jae-

161 1800 243 1863 tant,
257 1792 292 1853 'et
306 1788 567 1869 aequabilitatem
581 1790 763 1851 eommunis
782 1790 876 1866 juria,
899 1788 1091 1869 praestantii
1114 1788 1182 1867 dig-

161 1876 276 1937 nitatis
290 1884 350 1937 aut
361 1874 499 1935 sortunae
511 1893 588 1946 suae,
599 1881 792 1935 transeunt:
814 1892 887 1953 quae
903 1875 930 1934 si
944 1872 1180 1935 inflammanda

162 1969 247 2032 sunt,
272 1958 415 2021 maxime
442 1957 617 2019 dicendum
642 1968 701 2029 est,
726 1977 792 2019 non
817 1977 888 2020 esse
914 1958 1036 2018 virtute
1063 1968 1165 2037 parta

162 2043 279 2106 deinde
295 2045 397 2104 etiam
409 2043 497 2103 vitiis
513 2052 612 2122 atque
627 2045 793 2123 peccatis:
816 2052 887 2104 tum
903 2043 930 2104 si
945 2049 1042 2103 erunt
1053 2041 1181 2104 honest-

163 2130 234 2189 iora
257 2139 355 2206 atque
376 2128 541 2204 graviora,
556 2137 670 2188 tamen
684 2147 749 2188 non
765 2145 836 2188 esse
858 2136 955 2188 tanta
969 2126 1039 2186 ulla
1052 2129 1172 2189 merita

162 2221 289 2292 quanta
303 2211 481 2273 insolentia
495 2209 645 2283 hominis
660 2222 884 2290 quantumque
906 2209 1085 2272 fastidium.
1132 2211 1181 2273 Ad

164 2295 346 2359 sedandum
361 2304 484 2365 autem,
499 2296 625 2371 magno
646 2295 705 2356 illa
728 2295 851 2367 labore,
865 2295 996 2372 magnis
1017 2282 1183 2374 perieulis,

163 2400 234 2442 esse
250 2388 370 2461 parta3
393 2398 454 2441 neo
478 2378 521 2440 ad
545 2398 643 2441 suum
658 2380 873 2452 commodum,
887 2379 945 2442 sed
967 2378 1010 2439 ad
1031 2379 1183 2444 aliorum.

163 2484 235 2526 esse
251 2464 395 2534 collata3
419 2481 565 2543 seseque,
580 2466 608 2525 si
623 2483 723 2542 quam
739 2465 879 2542 gloriam
890 2465 1055 2545 peperisse
1071 2464 1182 2526 videa·

163 2557 225 2621 tur,
248 2548 383 2611 tametsi
404 2568 446 2610 ea
461 2568 526 2610 nou
549 2550 587 2613 sit
612 2550 727 2629 iniqua
748 2568 875 2610 meroes
899 2548 1046 2628 periculi,
1069 2557 1182 2611 tamen

164 2635 203 2695 eir
229 2654 295 2695 non
320 2633 489 2703 delectari,
515 2641 683 2712 totamque
707 2631 851 2711 abjicere
875 2643 974 2711 atque
998 2631 1180 2713 deponere·
1202 2684 1203 2717 ,

163 2717 359 2796 omnindque
375 2716 610 2798 perficiendum
626 2725 685 2789 est,
704 2717 871 2796 (quoniam
887 2717 1032 2797 plerique
1048 2727 1127 2779 sunt
1138 2719 1182 2779 in·

163 2802 241 2874 vidi,
255 2802 463 2880 maximeque
479 2809 529 2862 est
544 2800 604 2862 hoc
620 2821 793 2863 commune
816 2803 944 2873 vitium,
966 2809 999 2861 et
1021 2820 1183 2880 pervaga-v

163 2895 234 2946 tum
246 2908 255 2956 ;
278 2884 444 2947 invidetur
460 2896 572 2946 autem
587 2887 757 2966 praestanti
772 2885 965 2964 florentique
978 2884 1134 2964 fortunar)
1148 2895 1183 2947 ut

164 2969 235 3031 haeo
250 2970 361 3050 opinio
376 2970 553 3040 minuatur,
565 2981 599 3030 et
614 2969 673 3030 illa
687 2969 852 3032 excellens
874 2971 1027 3050 opinione
1050 2968 1183 3031 fortuna

164 3073 240 3116 oum
255 3053 425 3116 laboribus
439 3063 473 3115 et
487 3054 627 3115 miseriis
642 3056 805 3132 permixta
820 3074 892 3115 esse
907 3053 1067 3116 videatur.
1107 3052 1126 3117 J
1129 3075 1182 3116 am

163 3138 388 3201 misericordia
403 3148 564 3208 movetur,
580 3139 609 3198 si
623 3139 660 3209 is,
672 3140 727 3216 qui
743 3139 845 3211 audit,
866 3137 986 3200 adduci
1007 3149 1127 3219 potest,
1148 3147 1182 3201 ut

164 3224 234 3296 illa,
246 3243 318 3302 quae
334 3222 374 3285 de
391 3223 495 3284 altero
511 3222 729 3302 deplorentur,
741 3223 783 3284 ad
795 3244 872 3285 suas
883 3243 936 3285 res
947 3232 1090 3296 revocet,
1102 3244 1183 3303 quas
1201 3296 1202 3299 Ἴ

164 3318 223 3369 aut
239 3308 351 3371 tulerit
367 3305 514 3378 acerbas
530 3315 589 3367 aut
603 3308 742 3379 timeat;
765 3318 832 3379 aut,
843 3310 973 3369 intuens
985 3307 1099 3378 alium,
1116 3329 1182 3370 ore·
1201 3310 1202 3319 ’

163 3390 221 3452 brd
237 3391 280 3453 ad
295 3393 441 3473 seipsum
455 3399 651 3452 revertatur.
695 3391 746 3452 Ita
768 3393 843 3453 oum
866 3392 986 3470 singuli
1009 3410 1110 3454 casus
1126 3392 1181 3454 hu·

162 3494 338 3537 manarum
367 3475 575 3537 miseriarum
597 3476 742 3552 graviter
767 3477 985 3557 accipiuntur,
1014 3479 1040 3537 si
1069 3477 1181 3540 dioun·

162 3568 218 3621 tur
240 3559 397 3631 dolenter,
420 3568 491 3621 tum
515 3559 642 3622 afflicta
665 3569 698 3621 et
722 3570 888 3640 prostrata
908 3562 1014 3623 virtus
1038 3562 1180 3624 maxime

163 3644 315 3705 luctuosa
341 3653 413 3715 est3
442 3652 485 3713 et,
511 3654 549 3706 ut
574 3644 633 3705 illa
662 3644 769 3705 altera
797 3663 875 3724 pars
903 3646 1071 3717 orationis,
1101 3665 1180 3726 quae,

163 3727 339 3807 probitatis
369 3727 663 3800 commendatione,
692 3728 770 3789 boni
806 3730 869 3791 viri
906 3729 1004 3791 debet
1036 3733 1180 3812 speeiem

163 3811 259 3884 tueri,
284 3811 367 3874 lenis
394 3811 445 3891 (ut
470 3812 577 3893 saeepe
598 3814 672 3890 jam
696 3812 776 3891 dixi)
794 3822 893 3892 atque
919 3813 1105 3887 submissa;
1136 3815 1179 3876 sio
