<?xml version="1.0" encoding="UTF-8"?>
<!DOCTYPE html PUBLIC "-//W3C//DTD XHTML 1.0 Transitional//EN"
    "http://www.w3.org/TR/xhtml1/DTD/xhtml1-transitional.dtd">
<html xmlns="http://www.w3.org/1999/xhtml" xml:lang="en" lang="en">
 <head>
  <title>
</title>
<meta http-equiv="Content-Type" content="text/html;charset=utf-8" />
  <meta name='ocr-system' content='tesseract 3.04.00' />
  <meta name='ocr-capabilities' content='ocr_page ocr_carea ocr_par ocr_line ocrx_word'/>
</head>
<body>
  <div class='ocr_page' id='page_1' title='image "./mtulliiciceroni00kinggoog_0053.png"; bbox 0 0 2452 4290; ppageno 0'>
   <div class='ocr_carea' id='block_1_1' title="bbox 11 305 1045 416">
    <p class='ocr_par' dir='ltr' id='par_1_1' title="bbox 11 305 1045 416">
     <span class='ocr_line' id='line_1_1' title="bbox 11 305 20 339; baseline 0 0"><span class='ocrx_word' id='word_1_1' title='bbox 11 305 20 339; x_wconf 77' lang='lat' dir='ltr'><strong>l</strong></span> 
     </span>
     <span class='ocr_line' id='line_1_2' title="bbox 306 357 1045 416; baseline 0.005 -4"><span class='ocrx_word' id='word_1_2' title='bbox 306 371 347 413; x_wconf 78' lang='lat' dir='ltr'><strong>nr.</strong></span> <span class='ocrx_word' id='word_1_3' title='bbox 367 370 509 413; x_wconf 72' lang='lat' dir='ltr'><strong>onerosa</strong></span> <span class='ocrx_word' id='word_1_4' title='bbox 529 360 619 413; x_wconf 73' lang='lat' dir='ltr'><strong>nmis</strong></span> <span class='ocrx_word' id='word_1_5' title='bbox 639 370 758 414; x_wconf 75' lang='lat' dir='ltr'><strong>miuus.</strong></span> <span class='ocrx_word' id='word_1_6' title='bbox 1002 357 1045 416; x_wconf 76' lang='lat' dir='ltr'><strong>te</strong></span> 
     </span>
    </p>
   </div>
   <div class='ocr_carea' id='block_1_2' title="bbox 1 517 1044 687">
    <p class='ocr_par' dir='ltr' id='par_1_2' title="bbox 1 517 1044 687">
     <span class='ocr_line' id='line_1_3' title="bbox 1 517 1044 601; baseline 0.001 -19"><span class='ocrx_word' id='word_1_7' title='bbox 1 559 3 582; x_wconf 56' lang='lat'><em>2</em></span> <span class='ocrx_word' id='word_1_8' title='bbox 22 536 159 599; x_wconf 80' lang='lat' dir='ltr'><strong>seseque</strong></span> <span class='ocrx_word' id='word_1_9' title='bbox 177 518 357 591; x_wconf 71' lang='lat' dir='ltr'><strong>liberasset,</strong></span> <span class='ocrx_word' id='word_1_10' title='bbox 372 538 413 579; x_wconf 88' lang='lat' dir='ltr'><strong>ac</strong></span> <span class='ocrx_word' id='word_1_11' title='bbox 427 528 543 599; x_wconf 86' lang='lat' dir='ltr'><strong>postea</strong></span> <span class='ocrx_word' id='word_1_12' title='bbox 557 517 691 582; x_wconf 86' lang='lat' dir='ltr'><strong>domum</strong></span> <span class='ocrx_word' id='word_1_13' title='bbox 705 521 904 583; x_wconf 79' lang='lat' dir='ltr'><strong>revenisset:</strong></span> <span class='ocrx_word' id='word_1_14' title='bbox 927 521 1044 601; x_wconf 80' lang='lat' dir='ltr'><strong>quasi·</strong></span> 
     </span>
     <span class='ocr_line' id='line_1_4' title="bbox 1 602 1044 687; baseline 0.004 -24"><span class='ocrx_word' id='word_1_15' title='bbox 1 677 2 680; x_wconf 8' lang='grc' dir='ltr'><strong>Ἴ</strong></span> <span class='ocrx_word' id='word_1_16' title='bbox 23 611 91 663; x_wconf 86' lang='lat' dir='ltr'><strong>tum</strong></span> <span class='ocrx_word' id='word_1_17' title='bbox 105 613 160 667; x_wconf 90' lang='lat' dir='ltr'><strong>est</strong></span> <span class='ocrx_word' id='word_1_18' title='bbox 177 602 267 685; x_wconf 90' lang='lat' dir='ltr'><strong>apud</strong></span> <span class='ocrx_word' id='word_1_19' title='bbox 287 606 430 683; x_wconf 88' lang='lat' dir='ltr'><strong>majores</strong></span> <span class='ocrx_word' id='word_1_20' title='bbox 444 615 580 674; x_wconf 74' lang='lat' dir='ltr'><strong>nostros</strong></span> <span class='ocrx_word' id='word_1_21' title='bbox 595 623 675 665; x_wconf 89' lang='lat' dir='ltr'><strong>num</strong></span> <span class='ocrx_word' id='word_1_22' title='bbox 689 605 718 665; x_wconf 87' lang='lat' dir='ltr'><strong>is</strong></span> <span class='ocrx_word' id='word_1_23' title='bbox 732 605 773 666; x_wconf 92' lang='lat' dir='ltr'><strong>ad</strong></span> <span class='ocrx_word' id='word_1_24' title='bbox 790 625 866 667; x_wconf 90' lang='lat' dir='ltr'><strong>suos</strong></span> <span class='ocrx_word' id='word_1_25' title='bbox 886 606 1044 687; x_wconf 89' lang='lat' dir='ltr'><strong>postlimi-</strong></span> 
     </span>
    </p>
   </div>
   <div class='ocr_carea' id='block_1_3' title="bbox 1 686 1045 3882">
    <p class='ocr_par' dir='ltr' id='par_1_3' title="bbox 1 686 1045 3882">
     <span class='ocr_line' id='line_1_5' title="bbox 22 686 1043 766; baseline 0.005 -19"><span class='ocrx_word' id='word_1_26' title='bbox 22 688 75 749; x_wconf 89' lang='lat' dir='ltr'><strong>nio</strong></span> <span class='ocrx_word' id='word_1_27' title='bbox 96 688 264 760; x_wconf 85' lang='lat' dir='ltr'><strong>rediisset,</strong></span> <span class='ocrx_word' id='word_1_28' title='bbox 286 697 320 750; x_wconf 92' lang='lat' dir='ltr'><strong>et</strong></span> <span class='ocrx_word' id='word_1_29' title='bbox 345 688 509 750; x_wconf 86' lang='lat' dir='ltr'><strong>amisisset</strong></span> <span class='ocrx_word' id='word_1_30' title='bbox 533 686 621 749; x_wconf 90' lang='lat' dir='ltr'><strong>hanc</strong></span> <span class='ocrx_word' id='word_1_31' title='bbox 644 689 823 751; x_wconf 71' lang='lat' dir='ltr'><strong>ciuitatem.</strong></span> <span class='ocrx_word' id='word_1_32' title='bbox 867 686 980 766; x_wconf 70' lang='lat' dir='ltr'><strong>Quid?</strong></span> <span class='ocrx_word' id='word_1_33' title='bbox 1003 690 1043 752; x_wconf 90' lang='lat' dir='ltr'><strong>de</strong></span> 
     </span>
     <span class='ocr_line' id='line_1_6' title="bbox 19 769 1044 855; baseline 0.003 -23"><span class='ocrx_word' id='word_1_34' title='bbox 19 769 191 844; x_wconf 86' lang='lat' dir='ltr'><strong>libertate,</strong></span> <span class='ocrx_word' id='word_1_35' title='bbox 217 773 292 853; x_wconf 94' lang='lat' dir='ltr'><strong>(quo</strong></span> <span class='ocrx_word' id='word_1_36' title='bbox 316 772 479 850; x_wconf 88' lang='lat' dir='ltr'><strong>judicium</strong></span> <span class='ocrx_word' id='word_1_37' title='bbox 508 775 644 851; x_wconf 82' lang='lat' dir='ltr'><strong>gravius</strong></span> <span class='ocrx_word' id='word_1_38' title='bbox 667 792 739 834; x_wconf 88' lang='lat' dir='ltr'><strong>esse</strong></span> <span class='ocrx_word' id='word_1_39' title='bbox 767 773 895 835; x_wconf 92' lang='lat' dir='ltr'><strong>nullum</strong></span> <span class='ocrx_word' id='word_1_40' title='bbox 923 776 1044 855; x_wconf 86' lang='lat' dir='ltr'><strong>potest)</strong></span> 
     </span>
     <span class='ocr_line' id='line_1_7' title="bbox 18 855 1044 936; baseline 0.004 -21"><span class='ocrx_word' id='word_1_41' title='bbox 18 875 128 916; x_wconf 89' lang='lat' dir='ltr'><strong>nonne</strong></span> <span class='ocrx_word' id='word_1_42' title='bbox 146 875 191 917; x_wconf 87' lang='lat' dir='ltr'><strong>ex</strong></span> <span class='ocrx_word' id='word_1_43' title='bbox 201 855 283 934; x_wconf 88' lang='lat' dir='ltr'><strong>jure&#39;</strong></span> <span class='ocrx_word' id='word_1_44' title='bbox 292 857 383 918; x_wconf 90' lang='lat' dir='ltr'><strong>civili</strong></span> <span class='ocrx_word' id='word_1_45' title='bbox 391 865 500 936; x_wconf 90' lang='lat' dir='ltr'><strong>potest</strong></span> <span class='ocrx_word' id='word_1_46' title='bbox 516 875 587 917; x_wconf 87' lang='lat' dir='ltr'><strong>esse</strong></span> <span class='ocrx_word' id='word_1_47' title='bbox 604 858 865 928; x_wconf 85' lang='lat' dir='ltr'><strong>contentio,ci1m</strong></span> <span class='ocrx_word' id='word_1_48' title='bbox 879 859 1044 936; x_wconf 74' lang='lat' dir='ltr'><strong>quaeritur,</strong></span> 
     </span>
     <span class='ocr_line' id='line_1_8' title="bbox 17 940 1044 1018; baseline 0.003 -18"><span class='ocrx_word' id='word_1_49' title='bbox 17 941 56 1010; x_wconf 88' lang='lat' dir='ltr'><strong>is,</strong></span> <span class='ocrx_word' id='word_1_50' title='bbox 70 940 132 1018; x_wconf 90' lang='lat' dir='ltr'><strong>qui</strong></span> <span class='ocrx_word' id='word_1_51' title='bbox 155 940 281 1002; x_wconf 89' lang='lat' dir='ltr'><strong>domini</strong></span> <span class='ocrx_word' id='word_1_52' title='bbox 303 941 474 1003; x_wconf 91' lang='lat' dir='ltr'><strong>voluntate</strong></span> <span class='ocrx_word' id='word_1_53' title='bbox 493 959 611 1001; x_wconf 90' lang='lat' dir='ltr'><strong>census</strong></span> <span class='ocrx_word' id='word_1_54' title='bbox 635 942 686 1012; x_wconf 89' lang='lat' dir='ltr'><strong>sit,</strong></span> <span class='ocrx_word' id='word_1_55' title='bbox 702 940 906 1014; x_wconf 83' lang='lat' dir='ltr'><strong>continuone,</strong></span> <span class='ocrx_word' id='word_1_56' title='bbox 921 961 966 1002; x_wconf 92' lang='lat' dir='ltr'><strong>an</strong></span> <span class='ocrx_word' id='word_1_57' title='bbox 987 941 1044 1003; x_wconf 91' lang='lat' dir='ltr'><strong>ubi</strong></span> 
     </span>
     <span class='ocr_line' id='line_1_9' title="bbox 19 1022 1044 1105; baseline 0.003 -21"><span class='ocrx_word' id='word_1_58' title='bbox 19 1023 167 1087; x_wconf 88' lang='lat' dir='ltr'><strong>lustrum</strong></span> <span class='ocrx_word' id='word_1_59' title='bbox 182 1024 358 1095; x_wconf 90' lang='lat' dir='ltr'><strong>conditum,</strong></span> <span class='ocrx_word' id='word_1_60' title='bbox 381 1024 463 1086; x_wconf 91' lang='lat' dir='ltr'><strong>liber</strong></span> <span class='ocrx_word' id='word_1_61' title='bbox 477 1022 542 1085; x_wconf 79' lang='lat' dir='ltr'><strong>siti</strong></span> <span class='ocrx_word' id='word_1_62' title='bbox 586 1023 698 1101; x_wconf 73' lang='lat' dir='ltr'><strong>Quid?</strong></span> <span class='ocrx_word' id='word_1_63' title='bbox 722 1025 807 1105; x_wconf 88' lang='lat' dir='ltr'><strong>quod</strong></span> <span class='ocrx_word' id='word_1_64' title='bbox 830 1044 901 1098; x_wconf 92' lang='lat' dir='ltr'><strong>usu,</strong></span> <span class='ocrx_word' id='word_1_65' title='bbox 923 1045 1044 1087; x_wconf 88' lang='lat' dir='ltr'><strong>memo·</strong></span> 
     </span>
     <span class='ocr_line' id='line_1_10' title="bbox 16 1108 1043 1190; baseline 0.002 -21"><span class='ocrx_word' id='word_1_66' title='bbox 16 1108 67 1169; x_wconf 71' lang='lat' dir='ltr'><strong>rii</strong></span> <span class='ocrx_word' id='word_1_67' title='bbox 81 1119 233 1189; x_wconf 87' lang='lat' dir='ltr'><strong>patrum,</strong></span> <span class='ocrx_word' id='word_1_68' title='bbox 248 1110 349 1182; x_wconf 89' lang='lat' dir='ltr'><strong>venit,</strong></span> <span class='ocrx_word' id='word_1_69' title='bbox 362 1118 399 1170; x_wconf 92' lang='lat' dir='ltr'><strong>ut</strong></span> <span class='ocrx_word' id='word_1_70' title='bbox 414 1108 665 1189; x_wconf 81' lang='lat' dir='ltr'><strong>paterfamilias,</strong></span> <span class='ocrx_word' id='word_1_71' title='bbox 676 1111 732 1189; x_wconf 90' lang='lat' dir='ltr'><strong>qui</strong></span> <span class='ocrx_word' id='word_1_72' title='bbox 748 1129 789 1171; x_wconf 85' lang='lat' dir='ltr'><strong>ex</strong></span> <span class='ocrx_word' id='word_1_73' title='bbox 804 1109 967 1190; x_wconf 65' lang='lat' dir='ltr'><strong>Hispaniis</strong></span> <span class='ocrx_word' id='word_1_74' title='bbox 981 1109 1043 1172; x_wconf 89' lang='lat' dir='ltr'><strong>Ro·</strong></span> 
     </span>
     <span class='ocr_line' id='line_1_11' title="bbox 18 1194 1045 1274; baseline 0.003 -22"><span class='ocrx_word' id='word_1_75' title='bbox 18 1211 112 1252; x_wconf 86' lang='lat' dir='ltr'><strong>mam</strong></span> <span class='ocrx_word' id='word_1_76' title='bbox 136 1196 294 1264; x_wconf 86' lang='lat' dir='ltr'><strong>venisset,</strong></span> <span class='ocrx_word' id='word_1_77' title='bbox 316 1196 392 1255; x_wconf 85' lang='lat' dir='ltr'><strong>cirm</strong></span> <span class='ocrx_word' id='word_1_78' title='bbox 413 1212 548 1254; x_wconf 84' lang='lat' dir='ltr'><strong>uxorem</strong></span> <span class='ocrx_word' id='word_1_79' title='bbox 569 1202 796 1273; x_wconf 76' lang='lat' dir='ltr'><strong>praegnantem</strong></span> <span class='ocrx_word' id='word_1_80' title='bbox 817 1197 851 1256; x_wconf 91' lang='lat' dir='ltr'><strong>in</strong></span> <span class='ocrx_word' id='word_1_81' title='bbox 877 1194 1045 1274; x_wconf 74' lang='lat' dir='ltr'><strong>provincii</strong></span> 
     </span>
     <span class='ocr_line' id='line_1_12' title="bbox 19 1275 1045 1358; baseline 0.003 -22"><span class='ocrx_word' id='word_1_82' title='bbox 19 1275 220 1356; x_wconf 86' lang='lat' dir='ltr'><strong>reliquisset,</strong></span> <span class='ocrx_word' id='word_1_83' title='bbox 240 1278 417 1357; x_wconf 84' lang='lat' dir='ltr'><strong>Romaeque</strong></span> <span class='ocrx_word' id='word_1_84' title='bbox 441 1277 581 1338; x_wconf 86' lang='lat' dir='ltr'><strong>alteram</strong></span> <span class='ocrx_word' id='word_1_85' title='bbox 596 1276 749 1349; x_wconf 88' lang='lat' dir='ltr'><strong>duxisset,</strong></span> <span class='ocrx_word' id='word_1_86' title='bbox 765 1298 869 1358; x_wconf 90' lang='lat' dir='ltr'><strong>neque</strong></span> <span class='ocrx_word' id='word_1_87' title='bbox 894 1279 1045 1339; x_wconf 89' lang='lat' dir='ltr'><strong>nuntium</strong></span> 
     </span>
     <span class='ocr_line' id='line_1_13' title="bbox 18 1361 1044 1440; baseline -0.001 -18"><span class='ocrx_word' id='word_1_88' title='bbox 18 1361 123 1440; x_wconf 79' lang='lat' dir='ltr'><strong>priori</strong></span> <span class='ocrx_word' id='word_1_89' title='bbox 140 1363 327 1434; x_wconf 83' lang='lat' dir='ltr'><strong>remisisset,</strong></span> <span class='ocrx_word' id='word_1_90' title='bbox 342 1370 551 1440; x_wconf 90' lang='lat' dir='ltr'><strong>mortuusque</strong></span> <span class='ocrx_word' id='word_1_91' title='bbox 568 1372 653 1422; x_wconf 89' lang='lat' dir='ltr'><strong>esset</strong></span> <span class='ocrx_word' id='word_1_92' title='bbox 675 1361 840 1432; x_wconf 80' lang='lat' dir='ltr'><strong>intestato,</strong></span> <span class='ocrx_word' id='word_1_93' title='bbox 856 1369 945 1422; x_wconf 83' lang='lat' dir='ltr'><strong>etex</strong></span> <span class='ocrx_word' id='word_1_94' title='bbox 959 1362 1044 1421; x_wconf 75' lang='lat' dir='ltr'><strong>utra·</strong></span> 
     </span>
     <span class='ocr_line' id='line_1_14' title="bbox 17 1444 1045 1523; baseline 0.001 -18"><span class='ocrx_word' id='word_1_95' title='bbox 17 1464 83 1523; x_wconf 89' lang='lat' dir='ltr'><strong>que</strong></span> <span class='ocrx_word' id='word_1_96' title='bbox 100 1444 193 1507; x_wconf 83' lang='lat' dir='ltr'><strong>lilius</strong></span> <span class='ocrx_word' id='word_1_97' title='bbox 204 1454 302 1507; x_wconf 91' lang='lat' dir='ltr'><strong>natus</strong></span> <span class='ocrx_word' id='word_1_98' title='bbox 317 1454 422 1516; x_wconf 71' lang='lat' dir='ltr'><strong>essetr</strong></span> <span class='ocrx_word' id='word_1_99' title='bbox 444 1445 660 1507; x_wconf 86' lang='lat' dir='ltr'><strong>mediocrisne</strong></span> <span class='ocrx_word' id='word_1_100' title='bbox 675 1465 727 1507; x_wconf 90' lang='lat' dir='ltr'><strong>res</strong></span> <span class='ocrx_word' id='word_1_101' title='bbox 741 1446 774 1505; x_wconf 92' lang='lat' dir='ltr'><strong>in</strong></span> <span class='ocrx_word' id='word_1_102' title='bbox 787 1445 1045 1506; x_wconf 89' lang='lat' dir='ltr'><strong>controversiam</strong></span> 
     </span>
     <span class='ocr_line' id='line_1_15' title="bbox 18 1527 1044 1609; baseline -0.001 -20"><span class='ocrx_word' id='word_1_103' title='bbox 18 1528 170 1591; x_wconf 82' lang='lat' dir='ltr'><strong>adducta</strong></span> <span class='ocrx_word' id='word_1_104' title='bbox 185 1528 258 1591; x_wconf 79' lang='lat' dir='ltr'><strong>esti</strong></span> <span class='ocrx_word' id='word_1_105' title='bbox 282 1531 355 1591; x_wconf 82' lang='lat' dir='ltr'><strong>cum</strong></span> <span class='ocrx_word' id='word_1_106' title='bbox 371 1538 571 1609; x_wconf 75' lang='lat' dir='ltr'><strong>quareretur</strong></span> <span class='ocrx_word' id='word_1_107' title='bbox 591 1529 631 1590; x_wconf 92' lang='lat' dir='ltr'><strong>de</strong></span> <span class='ocrx_word' id='word_1_108' title='bbox 646 1527 774 1590; x_wconf 90' lang='lat' dir='ltr'><strong>duobus</strong></span> <span class='ocrx_word' id='word_1_109' title='bbox 793 1530 916 1589; x_wconf 90' lang='lat' dir='ltr'><strong>civium</strong></span> <span class='ocrx_word' id='word_1_110' title='bbox 931 1528 1044 1608; x_wconf 89' lang='lat' dir='ltr'><strong>capiti-</strong></span> 
     </span>
     <span class='ocr_line' id='line_1_16' title="bbox 19 1609 1045 1695; baseline 0.001 -22"><span class='ocrx_word' id='word_1_111' title='bbox 19 1610 92 1684; x_wconf 88' lang='lat' dir='ltr'><strong>bus,</strong></span> <span class='ocrx_word' id='word_1_112' title='bbox 108 1615 201 1676; x_wconf 90' lang='lat' dir='ltr'><strong>etde</strong></span> <span class='ocrx_word' id='word_1_113' title='bbox 216 1634 329 1695; x_wconf 84' lang='lat' dir='ltr'><strong>puero,</strong></span> <span class='ocrx_word' id='word_1_114' title='bbox 340 1616 395 1693; x_wconf 90' lang='lat' dir='ltr'><strong>qui</strong></span> <span class='ocrx_word' id='word_1_115' title='bbox 410 1634 451 1675; x_wconf 85' lang='lat' dir='ltr'><strong>ex</strong></span> <span class='ocrx_word' id='word_1_116' title='bbox 466 1615 641 1693; x_wconf 85' lang='lat' dir='ltr'><strong>posteriore</strong></span> <span class='ocrx_word' id='word_1_117' title='bbox 657 1623 755 1674; x_wconf 87' lang='lat' dir='ltr'><strong>natus</strong></span> <span class='ocrx_word' id='word_1_118' title='bbox 770 1622 852 1685; x_wconf 89' lang='lat' dir='ltr'><strong>erat,</strong></span> <span class='ocrx_word' id='word_1_119' title='bbox 867 1621 901 1674; x_wconf 91' lang='lat' dir='ltr'><strong>et</strong></span> <span class='ocrx_word' id='word_1_120' title='bbox 916 1609 956 1673; x_wconf 92' lang='lat' dir='ltr'><strong>de</strong></span> <span class='ocrx_word' id='word_1_121' title='bbox 972 1612 1045 1690; x_wconf 87' lang='lat' dir='ltr'><strong>ejus</strong></span> 
     </span>
     <span class='ocr_line' id='line_1_17' title="bbox 13 1696 1045 1778; baseline 0.002 -22"><span class='ocrx_word' id='word_1_122' title='bbox 13 1706 150 1770; x_wconf 82' lang='lat' dir='ltr'><strong>matre3</strong></span> <span class='ocrx_word' id='word_1_123' title='bbox 173 1718 258 1778; x_wconf 86' lang='lat' dir='ltr'><strong>quae‚</strong></span> <span class='ocrx_word' id='word_1_124' title='bbox 270 1701 296 1759; x_wconf 89' lang='lat' dir='ltr'><strong>si</strong></span> <span class='ocrx_word' id='word_1_125' title='bbox 308 1698 521 1776; x_wconf 87' lang='lat' dir='ltr'><strong>judicaretur,</strong></span> <span class='ocrx_word' id='word_1_126' title='bbox 533 1699 630 1758; x_wconf 87' lang='lat' dir='ltr'><strong>certis</strong></span> <span class='ocrx_word' id='word_1_127' title='bbox 641 1697 837 1777; x_wconf 87' lang='lat' dir='ltr'><strong>quibusdam</strong></span> <span class='ocrx_word' id='word_1_128' title='bbox 851 1696 969 1767; x_wconf 89' lang='lat' dir='ltr'><strong>verbis,</strong></span> <span class='ocrx_word' id='word_1_129' title='bbox 979 1716 1045 1758; x_wconf 90' lang='lat' dir='ltr'><strong>non</strong></span> 
     </span>
     <span class='ocr_line' id='line_1_18' title="bbox 20 1780 1043 1863; baseline 0.002 -23"><span class='ocrx_word' id='word_1_130' title='bbox 20 1783 119 1842; x_wconf 85' lang='lat' dir='ltr'><strong>novis</strong></span> <span class='ocrx_word' id='word_1_131' title='bbox 134 1784 269 1863; x_wconf 88' lang='lat' dir='ltr'><strong>nuptiis,</strong></span> <span class='ocrx_word' id='word_1_132' title='bbox 283 1783 356 1844; x_wconf 84' lang='lat' dir='ltr'><strong>fieri</strong></span> <span class='ocrx_word' id='word_1_133' title='bbox 371 1801 446 1843; x_wconf 88' lang='lat' dir='ltr'><strong>cum</strong></span> <span class='ocrx_word' id='word_1_134' title='bbox 463 1782 630 1862; x_wconf 87' lang='lat' dir='ltr'><strong>superiore</strong></span> <span class='ocrx_word' id='word_1_135' title='bbox 645 1782 829 1853; x_wconf 88' lang='lat' dir='ltr'><strong>divortium,</strong></span> <span class='ocrx_word' id='word_1_136' title='bbox 844 1783 878 1843; x_wconf 91' lang='lat' dir='ltr'><strong>in</strong></span> <span class='ocrx_word' id='word_1_137' title='bbox 893 1780 1043 1843; x_wconf 91' lang='lat' dir='ltr'><strong>concubi·</strong></span> 
     </span>
     <span class='ocr_line' id='line_1_19' title="bbox 20 1864 1045 1943; baseline 0 -17"><span class='ocrx_word' id='word_1_138' title='bbox 20 1883 70 1925; x_wconf 75' lang='lat' dir='ltr'><strong>nar</strong></span> <span class='ocrx_word' id='word_1_139' title='bbox 81 1866 198 1927; x_wconf 87' lang='lat' dir='ltr'><strong>locum</strong></span> <span class='ocrx_word' id='word_1_140' title='bbox 209 1866 392 1931; x_wconf 82' lang='lat' dir='ltr'><strong>duceretur.</strong></span> <span class='ocrx_word' id='word_1_141' title='bbox 438 1865 520 1927; x_wconf 85' lang='lat' dir='ltr'><strong>Haec</strong></span> <span class='ocrx_word' id='word_1_142' title='bbox 536 1866 645 1943; x_wconf 87' lang='lat' dir='ltr'><strong>igitur,</strong></span> <span class='ocrx_word' id='word_1_143' title='bbox 657 1875 690 1927; x_wconf 88' lang='lat' dir='ltr'><strong>et</strong></span> <span class='ocrx_word' id='word_1_144' title='bbox 706 1864 821 1927; x_wconf 89' lang='lat' dir='ltr'><strong>horum</strong></span> <span class='ocrx_word' id='word_1_145' title='bbox 836 1866 957 1926; x_wconf 85' lang='lat' dir='ltr'><strong>similia</strong></span> <span class='ocrx_word' id='word_1_146' title='bbox 966 1865 1045 1942; x_wconf 83' lang='lat' dir='ltr'><strong>jura</strong></span> 
     </span>
     <span class='ocr_line' id='line_1_20' title="bbox 21 1948 1045 2028; baseline 0.003 -21"><span class='ocrx_word' id='word_1_147' title='bbox 21 1967 89 2011; x_wconf 85' lang='lat' dir='ltr'><strong>suae</strong></span> <span class='ocrx_word' id='word_1_148' title='bbox 105 1952 256 2013; x_wconf 88' lang='lat' dir='ltr'><strong>civitatis</strong></span> <span class='ocrx_word' id='word_1_149' title='bbox 277 1952 492 2028; x_wconf 86' lang='lat' dir='ltr'><strong>ignorantem,</strong></span> <span class='ocrx_word' id='word_1_150' title='bbox 508 1960 655 2011; x_wconf 85' lang='lat' dir='ltr'><strong>ereetum</strong></span> <span class='ocrx_word' id='word_1_151' title='bbox 678 1959 711 2012; x_wconf 92' lang='lat' dir='ltr'><strong>et</strong></span> <span class='ocrx_word' id='word_1_152' title='bbox 733 1950 867 2020; x_wconf 86' lang='lat' dir='ltr'><strong>celsum,</strong></span> <span class='ocrx_word' id='word_1_153' title='bbox 884 1948 989 2009; x_wconf 86' lang='lat' dir='ltr'><strong>alacri</strong></span> <span class='ocrx_word' id='word_1_154' title='bbox 1010 1957 1045 2010; x_wconf 90' lang='lat' dir='ltr'><strong>et</strong></span> 
     </span>
     <span class='ocr_line' id='line_1_21' title="bbox 20 2032 1044 2113; baseline 0.001 -21"><span class='ocrx_word' id='word_1_155' title='bbox 20 2045 152 2112; x_wconf 90' lang='lat' dir='ltr'><strong>promto</strong></span> <span class='ocrx_word' id='word_1_156' title='bbox 168 2045 226 2096; x_wconf 88' lang='lat' dir='ltr'><strong>ore</strong></span> <span class='ocrx_word' id='word_1_157' title='bbox 243 2056 283 2096; x_wconf 88' lang='lat' dir='ltr'><strong>ae</strong></span> <span class='ocrx_word' id='word_1_158' title='bbox 298 2035 403 2105; x_wconf 89' lang='lat' dir='ltr'><strong>vultu,</strong></span> <span class='ocrx_word' id='word_1_159' title='bbox 418 2033 482 2095; x_wconf 90' lang='lat' dir='ltr'><strong>huc</strong></span> <span class='ocrx_word' id='word_1_160' title='bbox 498 2043 596 2113; x_wconf 89' lang='lat' dir='ltr'><strong>atque</strong></span> <span class='ocrx_word' id='word_1_161' title='bbox 619 2034 696 2095; x_wconf 88' lang='lat' dir='ltr'><strong>illuc</strong></span> <span class='ocrx_word' id='word_1_162' title='bbox 718 2035 909 2104; x_wconf 88' lang='lat' dir='ltr'><strong>intuentem,</strong></span> <span class='ocrx_word' id='word_1_163' title='bbox 925 2032 1044 2109; x_wconf 89' lang='lat' dir='ltr'><strong>vagari</strong></span> 
     </span>
     <span class='ocr_line' id='line_1_22' title="bbox 21 2117 1043 2198; baseline -0.003 -18"><span class='ocrx_word' id='word_1_164' title='bbox 21 2119 145 2198; x_wconf 77' lang='lat' dir='ltr'><strong>magnii</strong></span> <span class='ocrx_word' id='word_1_165' title='bbox 154 2139 233 2180; x_wconf 91' lang='lat' dir='ltr'><strong>cum</strong></span> <span class='ocrx_word' id='word_1_166' title='bbox 244 2119 377 2180; x_wconf 77' lang='lat' dir='ltr'><strong>catervi</strong></span> <span class='ocrx_word' id='word_1_167' title='bbox 385 2127 454 2180; x_wconf 88' lang='lat' dir='ltr'><strong>toto</strong></span> <span class='ocrx_word' id='word_1_168' title='bbox 463 2117 542 2189; x_wconf 83' lang='lat' dir='ltr'><strong>loro,</strong></span> <span class='ocrx_word' id='word_1_169' title='bbox 550 2118 736 2198; x_wconf 64' lang='lat' dir='ltr'><strong>praesidium</strong></span> <span class='ocrx_word' id='word_1_170' title='bbox 749 2117 933 2189; x_wconf 84' lang='lat' dir='ltr'><strong>clientibus,</strong></span> <span class='ocrx_word' id='word_1_171' title='bbox 944 2124 1043 2195; x_wconf 90' lang='lat' dir='ltr'><strong>atque</strong></span> 
     </span>
     <span class='ocr_line' id='line_1_23' title="bbox 19 2201 1044 2283; baseline 0.001 -22"><span class='ocrx_word' id='word_1_172' title='bbox 19 2221 120 2282; x_wconf 85' lang='lat' dir='ltr'><strong>opem</strong></span> <span class='ocrx_word' id='word_1_173' title='bbox 133 2204 264 2274; x_wconf 73' lang='lat' dir='ltr'><strong>amicis</strong></span> <span class='ocrx_word' id='word_1_174' title='bbox 279 2213 312 2264; x_wconf 91' lang='lat' dir='ltr'><strong>et</strong></span> <span class='ocrx_word' id='word_1_175' title='bbox 336 2202 435 2283; x_wconf 68' lang='lat' dir='ltr'><strong>prope</strong></span> <span class='ocrx_word' id='word_1_176' title='bbox 451 2203 578 2265; x_wconf 88' lang='lat' dir='ltr'><strong>cunctis</strong></span> <span class='ocrx_word' id='word_1_177' title='bbox 593 2202 720 2264; x_wconf 90' lang='lat' dir='ltr'><strong>civibus</strong></span> <span class='ocrx_word' id='word_1_178' title='bbox 744 2203 851 2265; x_wconf 89' lang='lat' dir='ltr'><strong>lucem</strong></span> <span class='ocrx_word' id='word_1_179' title='bbox 871 2201 995 2279; x_wconf 86' lang='lat' dir='ltr'><strong>ingenii</strong></span> <span class='ocrx_word' id='word_1_180' title='bbox 1010 2209 1044 2262; x_wconf 92' lang='lat' dir='ltr'><strong>et</strong></span> 
     </span>
     <span class='ocr_line' id='line_1_24' title="bbox 21 2286 1043 2367; baseline 0.001 -21"><span class='ocrx_word' id='word_1_181' title='bbox 21 2289 150 2350; x_wconf 88' lang='lat' dir='ltr'><strong>consilii</strong></span> <span class='ocrx_word' id='word_1_182' title='bbox 167 2287 221 2347; x_wconf 91' lang='lat' dir='ltr'><strong>sui</strong></span> <span class='ocrx_word' id='word_1_183' title='bbox 235 2289 455 2367; x_wconf 82' lang='lat' dir='ltr'><strong>porrigentem</strong></span> <span class='ocrx_word' id='word_1_184' title='bbox 471 2300 570 2366; x_wconf 90' lang='lat' dir='ltr'><strong>atque</strong></span> <span class='ocrx_word' id='word_1_185' title='bbox 589 2286 786 2359; x_wconf 88' lang='lat' dir='ltr'><strong>tendentem,</strong></span> <span class='ocrx_word' id='word_1_186' title='bbox 800 2307 907 2349; x_wconf 88' lang='lat' dir='ltr'><strong>nonne</strong></span> <span class='ocrx_word' id='word_1_187' title='bbox 923 2287 958 2348; x_wconf 90' lang='lat' dir='ltr'><strong>in</strong></span> <span class='ocrx_word' id='word_1_188' title='bbox 979 2286 1043 2367; x_wconf 89' lang='lat' dir='ltr'><strong>pri·</strong></span> 
     </span>
     <span class='ocr_line' id='line_1_25' title="bbox 21 2367 589 2450; baseline -0.002 -19"><span class='ocrx_word' id='word_1_189' title='bbox 21 2371 81 2431; x_wconf 87' lang='lat' dir='ltr'><strong>mis</strong></span> <span class='ocrx_word' id='word_1_190' title='bbox 96 2372 306 2450; x_wconf 87' lang='lat' dir='ltr'><strong>flagitiosum</strong></span> <span class='ocrx_word' id='word_1_191' title='bbox 320 2370 503 2450; x_wconf 88' lang='lat' dir='ltr'><strong>putandum</strong></span> <span class='ocrx_word' id='word_1_192' title='bbox 518 2367 589 2433; x_wconf 77' lang='lat' dir='ltr'><strong>esti</strong></span> 
     </span>
     <span class='ocr_line' id='line_1_26' title="bbox 59 2453 1043 2536; baseline -0.005 -18"><span class='ocrx_word' id='word_1_193' title='bbox 59 2453 149 2518; x_wconf 91' lang='lat' dir='ltr'>XLI.</span> <span class='ocrx_word' id='word_1_194' title='bbox 175 2454 232 2527; x_wconf 87' lang='lat' dir='ltr'><strong>Et,</strong></span> <span class='ocrx_word' id='word_1_195' title='bbox 243 2456 403 2534; x_wconf 60' lang='lat' dir='ltr'><strong>quoniam*</strong></span> <span class='ocrx_word' id='word_1_196' title='bbox 412 2454 452 2516; x_wconf 93' lang='lat' dir='ltr'><strong>de</strong></span> <span class='ocrx_word' id='word_1_197' title='bbox 467 2454 670 2536; x_wconf 74' lang='lat' dir='ltr'><strong>impudentia</strong></span> <span class='ocrx_word' id='word_1_198' title='bbox 684 2455 759 2528; x_wconf 84' lang='lat' dir='ltr'><strong>dixi,</strong></span> <span class='ocrx_word' id='word_1_199' title='bbox 771 2455 970 2532; x_wconf 78' lang='lat' dir='ltr'><strong>castigemus</strong></span> <span class='ocrx_word' id='word_1_200' title='bbox 985 2454 1043 2514; x_wconf 92' lang='lat' dir='ltr'><strong>eti·</strong></span> 
     </span>
     <span class='ocr_line' id='line_1_27' title="bbox 23 2538 1044 2619; baseline -0.005 -17"><span class='ocrx_word' id='word_1_201' title='bbox 23 2557 75 2602; x_wconf 85' lang='lat' dir='ltr'><strong>am</strong></span> <span class='ocrx_word' id='word_1_202' title='bbox 89 2541 274 2619; x_wconf 87' lang='lat' dir='ltr'><strong>segnitiem</strong></span> <span class='ocrx_word' id='word_1_203' title='bbox 289 2538 457 2601; x_wconf 89' lang='lat' dir='ltr'><strong>hominum</strong></span> <span class='ocrx_word' id='word_1_204' title='bbox 473 2548 571 2619; x_wconf 91' lang='lat' dir='ltr'><strong>atque</strong></span> <span class='ocrx_word' id='word_1_205' title='bbox 593 2541 756 2601; x_wconf 85' lang='lat' dir='ltr'><strong>inertiam.</strong></span> <span class='ocrx_word' id='word_1_206' title='bbox 800 2539 899 2610; x_wconf 91' lang='lat' dir='ltr'><strong>Nam,</strong></span> <span class='ocrx_word' id='word_1_207' title='bbox 914 2540 941 2597; x_wconf 88' lang='lat' dir='ltr'><strong>si</strong></span> <span class='ocrx_word' id='word_1_208' title='bbox 957 2544 1044 2598; x_wconf 90' lang='lat' dir='ltr'><strong>esset</strong></span> 
     </span>
     <span class='ocr_line' id='line_1_28' title="bbox 22 2621 1044 2702; baseline -0.004 -19"><span class='ocrx_word' id='word_1_209' title='bbox 22 2623 84 2685; x_wconf 86' lang='lat' dir='ltr'><strong>ista</strong></span> <span class='ocrx_word' id='word_1_210' title='bbox 98 2624 251 2702; x_wconf 85' lang='lat' dir='ltr'><strong>cognitio</strong></span> <span class='ocrx_word' id='word_1_211' title='bbox 267 2624 352 2701; x_wconf 91' lang='lat' dir='ltr'><strong>juris</strong></span> <span class='ocrx_word' id='word_1_212' title='bbox 375 2642 499 2701; x_wconf 85' lang='lat' dir='ltr'><strong>magna</strong></span> <span class='ocrx_word' id='word_1_213' title='bbox 521 2643 561 2684; x_wconf 89' lang='lat' dir='ltr'><strong>ac</strong></span> <span class='ocrx_word' id='word_1_214' title='bbox 583 2623 732 2694; x_wconf 89' lang='lat' dir='ltr'><strong>difficilis,</strong></span> <span class='ocrx_word' id='word_1_215' title='bbox 755 2632 867 2689; x_wconf 90' lang='lat' dir='ltr'><strong>tamen</strong></span> <span class='ocrx_word' id='word_1_216' title='bbox 891 2621 1044 2682; x_wconf 86' lang='lat' dir='ltr'><strong>utilitatis</strong></span> 
     </span>
     <span class='ocr_line' id='line_1_29' title="bbox 22 2702 1043 2787; baseline -0.001 -20"><span class='ocrx_word' id='word_1_217' title='bbox 22 2707 221 2787; x_wconf 79' lang='lat' dir='ltr'><strong>magnitudo</strong></span> <span class='ocrx_word' id='word_1_218' title='bbox 244 2706 378 2769; x_wconf 90' lang='lat' dir='ltr'><strong>deberet</strong></span> <span class='ocrx_word' id='word_1_219' title='bbox 400 2706 548 2768; x_wconf 90' lang='lat' dir='ltr'><strong>homines</strong></span> <span class='ocrx_word' id='word_1_220' title='bbox 568 2708 610 2768; x_wconf 91' lang='lat' dir='ltr'><strong>ad</strong></span> <span class='ocrx_word' id='word_1_221' title='bbox 632 2706 875 2787; x_wconf 90' lang='lat' dir='ltr'><strong>suscipiendum</strong></span> <span class='ocrx_word' id='word_1_222' title='bbox 898 2702 1043 2766; x_wconf 89' lang='lat' dir='ltr'><strong>discendi</strong></span> 
     </span>
     <span class='ocr_line' id='line_1_30' title="bbox 22 2786 1043 2871; baseline 0 -22"><span class='ocrx_word' id='word_1_223' title='bbox 22 2789 175 2855; x_wconf 85' lang='lat' dir='ltr'><strong>laborem</strong></span> <span class='ocrx_word' id='word_1_224' title='bbox 197 2791 377 2871; x_wconf 88' lang='lat' dir='ltr'><strong>impellere.</strong></span> <span class='ocrx_word' id='word_1_225' title='bbox 422 2790 497 2863; x_wconf 83' lang='lat' dir='ltr'><strong>Sed,</strong></span> <span class='ocrx_word' id='word_1_226' title='bbox 516 2790 546 2853; x_wconf 91' lang='grc' dir='ltr'><strong>Ο</strong></span> <span class='ocrx_word' id='word_1_227' title='bbox 560 2789 615 2854; x_wconf 92' lang='lat' dir='ltr'><strong>Dii</strong></span> <span class='ocrx_word' id='word_1_228' title='bbox 637 2786 856 2851; x_wconf 84' lang='lat' dir='ltr'><strong>immortalesl</strong></span> <span class='ocrx_word' id='word_1_229' title='bbox 879 2807 944 2850; x_wconf 91' lang='lat' dir='ltr'><strong>non</strong></span> <span class='ocrx_word' id='word_1_230' title='bbox 958 2788 1043 2849; x_wconf 91' lang='lat' dir='ltr'><strong>dice·</strong></span> 
     </span>
     <span class='ocr_line' id='line_1_31' title="bbox 1 2856 1043 2954; baseline -0.002 -19"><span class='ocrx_word' id='word_1_231' title='bbox 1 2856 89 2939; x_wconf 80' lang='lat' dir='ltr'><strong>&gt;rem</strong></span> <span class='ocrx_word' id='word_1_232' title='bbox 104 2876 184 2946; x_wconf 90' lang='lat' dir='ltr'><strong>hoc,</strong></span> <span class='ocrx_word' id='word_1_233' title='bbox 200 2875 355 2938; x_wconf 87' lang='lat' dir='ltr'><strong>audiente</strong></span> <span class='ocrx_word' id='word_1_234' title='bbox 371 2874 527 2947; x_wconf 72' lang='lat' dir='ltr'><strong>Scaevola</strong></span> <span class='ocrx_word' id='word_1_235' title='bbox 542 2877 604 2937; x_wconf 90' lang='lat' dir='ltr'><strong>nisi</strong></span> <span class='ocrx_word' id='word_1_236' title='bbox 624 2878 693 2954; x_wconf 89' lang='lat' dir='ltr'><strong>ipse</strong></span> <span class='ocrx_word' id='word_1_237' title='bbox 708 2874 818 2936; x_wconf 88' lang='lat' dir='ltr'><strong>dicere</strong></span> <span class='ocrx_word' id='word_1_238' title='bbox 832 2874 959 2945; x_wconf 87' lang='lat' dir='ltr'><strong>soleret,</strong></span> <span class='ocrx_word' id='word_1_239' title='bbox 973 2873 1043 2934; x_wconf 90' lang='lat' dir='ltr'><strong>nul·</strong></span> 
     </span>
     <span class='ocr_line' id='line_1_32' title="bbox 1 2957 1043 3036; baseline -0.01 -9"><span class='ocrx_word' id='word_1_240' title='bbox 1 3021 4 3027; x_wconf 77' lang='grc'>,</span> <span class='ocrx_word' id='word_1_241' title='bbox 22 2959 82 3023; x_wconf 87' lang='lat' dir='ltr'><strong>lius</strong></span> <span class='ocrx_word' id='word_1_242' title='bbox 98 2962 189 3022; x_wconf 90' lang='lat' dir='ltr'><strong>artis</strong></span> <span class='ocrx_word' id='word_1_243' title='bbox 199 2958 382 3022; x_wconf 85' lang='lat' dir='ltr'><strong>faciliorem</strong></span> <span class='ocrx_word' id='word_1_244' title='bbox 397 2959 459 3021; x_wconf 90' lang='lat' dir='ltr'><strong>sibi</strong></span> <span class='ocrx_word' id='word_1_245' title='bbox 475 2961 694 3036; x_wconf 88' lang='lat' dir='ltr'><strong>cognitionem</strong></span> <span class='ocrx_word' id='word_1_246' title='bbox 704 2958 817 3020; x_wconf 84' lang='lat' dir='ltr'><strong>videri.</strong></span> <span class='ocrx_word' id='word_1_247' title='bbox 862 2957 960 3035; x_wconf 80' lang='lat' dir='ltr'><strong>Quod</strong></span> <span class='ocrx_word' id='word_1_248' title='bbox 975 2957 1043 3036; x_wconf 90' lang='lat' dir='ltr'><strong>qui-</strong></span> 
     </span>
     <span class='ocr_line' id='line_1_33' title="bbox 20 3041 1043 3124; baseline -0.004 -20"><span class='ocrx_word' id='word_1_249' title='bbox 20 3043 94 3107; x_wconf 91' lang='lat' dir='ltr'><strong>dem</strong></span> <span class='ocrx_word' id='word_1_250' title='bbox 111 3045 217 3106; x_wconf 88' lang='lat' dir='ltr'><strong>certis</strong></span> <span class='ocrx_word' id='word_1_251' title='bbox 232 3041 271 3105; x_wconf 93' lang='lat' dir='ltr'><strong>de</strong></span> <span class='ocrx_word' id='word_1_252' title='bbox 287 3046 396 3106; x_wconf 87' lang='lat' dir='ltr'><strong>causis</strong></span> <span class='ocrx_word' id='word_1_253' title='bbox 411 3063 433 3104; x_wconf 96' lang='lat' dir='ltr'><strong>a</strong></span> <span class='ocrx_word' id='word_1_254' title='bbox 446 3044 608 3124; x_wconf 89' lang='lat' dir='ltr'><strong>plerisque</strong></span> <span class='ocrx_word' id='word_1_255' title='bbox 625 3045 721 3105; x_wconf 85' lang='lat' dir='ltr'><strong>aliter</strong></span> <span class='ocrx_word' id='word_1_256' title='bbox 735 3044 958 3104; x_wconf 85' lang='lat' dir='ltr'><strong>existimatur:</strong></span> <span class='ocrx_word' id='word_1_257' title='bbox 979 3041 1043 3121; x_wconf 92' lang='lat' dir='ltr'><strong>pri-</strong></span> 
     </span>
     <span class='ocr_line' id='line_1_34' title="bbox 21 3122 1044 3217; baseline -0.005 -28"><span class='ocrx_word' id='word_1_258' title='bbox 21 3131 122 3201; x_wconf 79' lang='lat' dir='ltr'><strong>mum,</strong></span> <span class='ocrx_word' id='word_1_259' title='bbox 137 3128 222 3208; x_wconf 93' lang='lat' dir='ltr'><strong>quia</strong></span> <span class='ocrx_word' id='word_1_260' title='bbox 235 3136 364 3189; x_wconf 88' lang='lat' dir='ltr'><strong>veteres</strong></span> <span class='ocrx_word' id='word_1_261' title='bbox 378 3129 435 3198; x_wconf 90' lang='lat' dir='ltr'><strong>illi,</strong></span> <span class='ocrx_word' id='word_1_262' title='bbox 446 3130 502 3207; x_wconf 91' lang='lat' dir='ltr'><strong>qui</strong></span> <span class='ocrx_word' id='word_1_263' title='bbox 517 3127 593 3189; x_wconf 92' lang='lat' dir='ltr'><strong>huic</strong></span> <span class='ocrx_word' id='word_1_264' title='bbox 608 3129 753 3189; x_wconf 80' lang='lat' dir='ltr'><strong>scientiae</strong></span> <span class='ocrx_word' id='word_1_265' title='bbox 768 3122 1044 3217; x_wconf 58' lang='lat' dir='ltr'><strong>praefueruntlob·</strong></span> 
     </span>
     <span class='ocr_line' id='line_1_35' title="bbox 20 3196 1043 3301; baseline -0.006 -26"><span class='ocrx_word' id='word_1_266' title='bbox 20 3213 169 3275; x_wconf 83' lang='lat' dir='ltr'><strong>tiuendae</strong></span> <span class='ocrx_word' id='word_1_267' title='bbox 184 3219 285 3291; x_wconf 90' lang='lat' dir='ltr'><strong>atque</strong></span> <span class='ocrx_word' id='word_1_268' title='bbox 301 3211 460 3291; x_wconf 75' lang='lat' dir='ltr'><strong>augendae</strong></span> <span class='ocrx_word' id='word_1_269' title='bbox 479 3213 632 3291; x_wconf 74' lang='lat' dir='ltr'><strong>potentiae</strong></span> <span class='ocrx_word' id='word_1_270' title='bbox 647 3230 716 3272; x_wconf 82' lang='lat' dir='ltr'><strong>suae</strong></span> <span class='ocrx_word' id='word_1_271' title='bbox 730 3196 1043 3301; x_wconf 59' lang='lat' dir='ltr'><strong>causdfppervulgari</strong></span> 
     </span>
     <span class='ocr_line' id='line_1_36' title="bbox 20 3293 1043 3374; baseline -0.006 -14"><span class='ocrx_word' id='word_1_272' title='bbox 20 3310 128 3360; x_wconf 86' lang='lat' dir='ltr'><strong>artem</strong></span> <span class='ocrx_word' id='word_1_273' title='bbox 147 3315 246 3357; x_wconf 86' lang='lat' dir='ltr'><strong>suam</strong></span> <span class='ocrx_word' id='word_1_274' title='bbox 260 3296 452 3369; x_wconf 85' lang='lat' dir='ltr'><strong>noluerunt;</strong></span> <span class='ocrx_word' id='word_1_275' title='bbox 475 3295 601 3367; x_wconf 90' lang='lat' dir='ltr'><strong>deinde,</strong></span> <span class='ocrx_word' id='word_1_276' title='bbox 617 3305 831 3374; x_wconf 86' lang='lat' dir='ltr'><strong>posteaquam</strong></span> <span class='ocrx_word' id='word_1_277' title='bbox 846 3303 895 3354; x_wconf 87' lang='lat' dir='ltr'><strong>est</strong></span> <span class='ocrx_word' id='word_1_278' title='bbox 911 3293 1043 3364; x_wconf 87' lang='lat' dir='ltr'><strong>editum,</strong></span> 
     </span>
     <span class='ocr_line' id='line_1_37' title="bbox 19 3375 1043 3463; baseline -0.007 -19"><span class='ocrx_word' id='word_1_279' title='bbox 19 3382 185 3463; x_wconf 83' lang='lat' dir='ltr'><strong>expositis</strong></span> <span class='ocrx_word' id='word_1_280' title='bbox 199 3400 221 3440; x_wconf 92' lang='lat' dir='ltr'><strong>a</strong></span> <span class='ocrx_word' id='word_1_281' title='bbox 235 3379 292 3441; x_wconf 85' lang='lat' dir='ltr'><strong>Cn.</strong></span> <span class='ocrx_word' id='word_1_282' title='bbox 308 3379 426 3441; x_wconf 89' lang='lat' dir='ltr'><strong>Flavio</strong></span> <span class='ocrx_word' id='word_1_283' title='bbox 440 3381 581 3462; x_wconf 83' lang='lat' dir='ltr'><strong>primum</strong></span> <span class='ocrx_word' id='word_1_284' title='bbox 596 3375 789 3449; x_wconf 71' lang='lat' dir='ltr'><strong>actionibus</strong></span> <span class='ocrx_word' id='word_1_285' title='bbox 804 3378 885 3438; x_wconf 93' lang='lat' dir='ltr'><strong>nulli</strong></span> <span class='ocrx_word' id='word_1_286' title='bbox 900 3376 1043 3448; x_wconf 88' lang='lat' dir='ltr'><strong>fuerunt,</strong></span> 
     </span>
     <span class='ocr_line' id='line_1_38' title="bbox 19 3460 1042 3546; baseline -0.007 -17"><span class='ocrx_word' id='word_1_287' title='bbox 19 3468 75 3546; x_wconf 91' lang='lat' dir='ltr'><strong>qui</strong></span> <span class='ocrx_word' id='word_1_288' title='bbox 90 3466 156 3528; x_wconf 92' lang='lat' dir='ltr'><strong>illa</strong></span> <span class='ocrx_word' id='word_1_289' title='bbox 169 3463 344 3525; x_wconf 81' lang='lat' dir='ltr'><strong>artificiose</strong></span> <span class='ocrx_word' id='word_1_290' title='bbox 360 3463 489 3540; x_wconf 88' lang='lat' dir='ltr'><strong>digesta</strong></span> <span class='ocrx_word' id='word_1_291' title='bbox 503 3464 687 3541; x_wconf 88' lang='lat' dir='ltr'><strong>generatim</strong></span> <span class='ocrx_word' id='word_1_292' title='bbox 702 3470 943 3542; x_wconf 89' lang='lat' dir='ltr'><strong>componerent.</strong></span> <span class='ocrx_word' id='word_1_293' title='bbox 983 3460 1042 3522; x_wconf 93' lang='lat' dir='ltr'><strong>Ni·</strong></span> 
     </span>
     <span class='ocr_line' id='line_1_39' title="bbox 19 3544 1043 3628; baseline -0.007 -15"><span class='ocrx_word' id='word_1_294' title='bbox 19 3549 64 3613; x_wconf 88' lang='lat' dir='ltr'><strong>hil</strong></span> <span class='ocrx_word' id='word_1_295' title='bbox 81 3558 136 3611; x_wconf 87' lang='lat' dir='ltr'><strong>est</strong></span> <span class='ocrx_word' id='word_1_296' title='bbox 152 3544 252 3619; x_wconf 84' lang='lat' dir='ltr'><strong>enim,</strong></span> <span class='ocrx_word' id='word_1_297' title='bbox 266 3548 352 3628; x_wconf 91' lang='lat' dir='ltr'><strong>quod</strong></span> <span class='ocrx_word' id='word_1_298' title='bbox 367 3548 409 3608; x_wconf 91' lang='lat' dir='ltr'><strong>ad</strong></span> <span class='ocrx_word' id='word_1_299' title='bbox 425 3557 531 3609; x_wconf 89' lang='lat' dir='ltr'><strong>artem</strong></span> <span class='ocrx_word' id='word_1_300' title='bbox 545 3546 650 3624; x_wconf 88' lang='lat' dir='ltr'><strong>redigi</strong></span> <span class='ocrx_word' id='word_1_301' title='bbox 662 3547 782 3626; x_wconf 89' lang='lat' dir='ltr'><strong>possit,</strong></span> <span class='ocrx_word' id='word_1_302' title='bbox 796 3547 859 3608; x_wconf 88' lang='lat' dir='ltr'><strong>nisi</strong></span> <span class='ocrx_word' id='word_1_303' title='bbox 874 3547 929 3608; x_wconf 90' lang='lat' dir='ltr'><strong>ille</strong></span> <span class='ocrx_word' id='word_1_304' title='bbox 944 3546 1043 3626; x_wconf 76' lang='lat' dir='ltr'><strong>prius,</strong></span> 
     </span>
     <span class='ocr_line' id='line_1_40' title="bbox 19 3628 1043 3716; baseline -0.009 -19"><span class='ocrx_word' id='word_1_305' title='bbox 19 3638 76 3716; x_wconf 93' lang='lat' dir='ltr'><strong>qui</strong></span> <span class='ocrx_word' id='word_1_306' title='bbox 91 3634 155 3696; x_wconf 86' lang='lat' dir='ltr'><strong>illa</strong></span> <span class='ocrx_word' id='word_1_307' title='bbox 167 3640 258 3694; x_wconf 88' lang='lat' dir='ltr'><strong>tenet</strong></span> <span class='ocrx_word' id='word_1_308' title='bbox 269 3651 408 3711; x_wconf 88' lang='lat' dir='ltr'><strong>quorum</strong></span> <span class='ocrx_word' id='word_1_309' title='bbox 419 3641 525 3694; x_wconf 86' lang='lat' dir='ltr'><strong>artem</strong></span> <span class='ocrx_word' id='word_1_310' title='bbox 540 3631 708 3693; x_wconf 87' lang='lat' dir='ltr'><strong>instituere</strong></span> <span class='ocrx_word' id='word_1_311' title='bbox 720 3630 802 3702; x_wconf 88' lang='lat' dir='ltr'><strong>vult,</strong></span> <span class='ocrx_word' id='word_1_312' title='bbox 813 3629 936 3692; x_wconf 92' lang='lat' dir='ltr'><strong>habeat</strong></span> <span class='ocrx_word' id='word_1_313' title='bbox 950 3628 1043 3689; x_wconf 90' lang='lat' dir='ltr'><strong>illam</strong></span> 
     </span>
     <span class='ocr_line' id='line_1_41' title="bbox 19 3713 1043 3795; baseline -0.009 -12"><span class='ocrx_word' id='word_1_314' title='bbox 19 3719 211 3788; x_wconf 87' lang='lat' dir='ltr'><strong>scientiam,</strong></span> <span class='ocrx_word' id='word_1_315' title='bbox 221 3724 259 3777; x_wconf 89' lang='lat' dir='ltr'><strong>ut</strong></span> <span class='ocrx_word' id='word_1_316' title='bbox 270 3735 312 3778; x_wconf 84' lang='lat' dir='ltr'><strong>ex</strong></span> <span class='ocrx_word' id='word_1_317' title='bbox 326 3718 366 3777; x_wconf 89' lang='lat' dir='ltr'><strong>iis</strong></span> <span class='ocrx_word' id='word_1_318' title='bbox 376 3715 484 3788; x_wconf 88' lang='lat' dir='ltr'><strong>rebus,</strong></span> <span class='ocrx_word' id='word_1_319' title='bbox 494 3734 635 3795; x_wconf 88' lang='lat' dir='ltr'><strong>quarum</strong></span> <span class='ocrx_word' id='word_1_320' title='bbox 649 3734 704 3777; x_wconf 86' lang='lat' dir='ltr'><strong>ars</strong></span> <span class='ocrx_word' id='word_1_321' title='bbox 714 3713 858 3776; x_wconf 86' lang='lat' dir='ltr'><strong>nondum</strong></span> <span class='ocrx_word' id='word_1_322' title='bbox 872 3715 924 3783; x_wconf 90' lang='lat' dir='ltr'><strong>sit,</strong></span> <span class='ocrx_word' id='word_1_323' title='bbox 935 3719 1043 3774; x_wconf 85' lang='lat' dir='ltr'><strong>artem</strong></span> 
     </span>
     <span class='ocr_line' id='line_1_42' title="bbox 20 3793 1042 3882; baseline -0.012 -15"><span class='ocrx_word' id='word_1_324' title='bbox 20 3804 157 3867; x_wconf 87' lang='lat' dir='ltr'><strong>efficere</strong></span> <span class='ocrx_word' id='word_1_325' title='bbox 183 3801 296 3882; x_wconf 84' lang='lat' dir='ltr'><strong>possit.</strong></span> <span class='ocrx_word' id='word_1_326' title='bbox 340 3798 414 3863; x_wconf 92' lang='lat' dir='ltr'><strong>Hoc</strong></span> <span class='ocrx_word' id='word_1_327' title='bbox 428 3799 534 3872; x_wconf 88' lang='lat' dir='ltr'><strong>video,</strong></span> <span class='ocrx_word' id='word_1_328' title='bbox 548 3797 627 3862; x_wconf 89' lang='lat' dir='ltr'><strong>dum</strong></span> <span class='ocrx_word' id='word_1_329' title='bbox 648 3798 793 3861; x_wconf 84' lang='lat' dir='ltr'><strong>breviter</strong></span> <span class='ocrx_word' id='word_1_330' title='bbox 813 3795 975 3859; x_wconf 84' lang='lat' dir='ltr'><strong>voluerim</strong></span> <span class='ocrx_word' id='word_1_331' title='bbox 995 3793 1042 3856; x_wconf 91' lang='lat' dir='ltr'><strong>di·</strong></span> 
     </span>
    </p>
   </div>
   <div class='ocr_carea' id='block_1_4' title="bbox 0 0 1231 4290">
    <p class='ocr_par' dir='ltr' id='par_1_4' title="bbox 0 0 1231 4290">
     <span class='ocr_line' id='line_1_43' title="bbox 0 0 1231 4290; baseline 0 0"><span class='ocrx_word' id='word_1_332' title='bbox 0 0 1231 4290; x_wconf 95' lang='lat' dir='ltr'><strong> </strong></span> 
     </span>
    </p>
   </div>
  </div>
 </body>
</html>
