2452 4290
120 399 170 473 >58
396 388 452 459 'nu
474 417 615 459 canrosa
635 414 725 460 mua
743 390 864 463 rmuds.

126 562 174 646 ud
195 563 277 626 illud
298 582 369 627 esse
391 574 497 645 atque'
512 564 584 639 hoc,
599 575 632 627 et
653 565 716 627 hoc
731 566 800 628 sine
824 567 880 630 illo
894 587 1058 632 summum
1073 591 1153 635 esse

125 666 230 728 posse.

170 731 240 793 LV.
263 732 362 805 Nam,
384 733 470 812 quod
490 736 546 814 jus
568 734 675 806 civile,
691 734 818 806 Crasse,
839 746 909 798 tam
932 735 1153 803 vehementer

126 818 298 898 amplexus
313 839 368 890 es3
391 818 496 889 video,
512 818 589 898 quid
604 822 730 898 egeris:
754 831 834 891 tum,
849 824 924 882 cum
938 822 1081 896 dicebas,
1097 826 1150 886 vi·

125 901 253 963 debarn.
299 901 444 965 Primum
470 902 627 965 Scaevolae
657 914 689 966 te
720 901 876 988 [dedistt]
906 925 1004 985 quem
1030 927 1151 970 omnes

126 1006 239 1047 amare
254 985 462 1048 meritissimi)
484 1007 542 1067 pro
557 989 629 1066 ejus
644 990 763 1051 eximii
785 991 951 1050 suavitate
966 989 1149 1066 debemus;

125 1073 220 1149 qu'us
242 1081 346 1132 artem
370 1074 444 1133 crim
460 1070 643 1134 indotatam
666 1093 735 1134 esse
752 1082 784 1134 ct
807 1074 985 1135 incomtam
1006 1075 1150 1149 videreS,

124 1156 299 1216 verborum
310 1175 386 1216 eam
397 1155 472 1217 dote
484 1158 690 1238 locupletdsti
702 1167 735 1220 et
745 1157 874 1218 ornasti.
912 1154 1047 1230 Deinde,
1057 1161 1151 1239 quod

124 1243 158 1300 in
182 1240 220 1300 ed
234 1249 272 1301 tu
293 1241 367 1320 pius
385 1260 493 1322 operae
515 1241 699 1321 laborisque
722 1242 1048 1314 consumseras,ci1m
1069 1246 1150 1322 ejus

124 1324 224 1385 studii
240 1324 300 1385 tibi
316 1333 348 1384 et
363 1324 509 1387 hortator
524 1335 557 1387 et
572 1328 730 1404 magister
745 1336 830 1389 esset
845 1326 942 1398 domi,
957 1328 1081 1388 veritus
1097 1348 1149 1402 eS,

123 1410 187 1470 nisi
209 1409 308 1469 istam
323 1419 429 1470 artem
443 1412 590 1472 oratione
606 1410 848 1489 exaggerdsses
863 1431 904 1472 ne
920 1430 1054 1491 operam
1069 1431 1148 1493 per-

124 1493 268 1554 didisses.
314 1492 380 1555 Sed
395 1513 457 1572 ego
471 1515 513 1557 ne
529 1515 604 1556 cum
619 1497 680 1556 istd
694 1494 825 1575 quidem
840 1505 910 1557 arte
926 1515 1046 1576 pugno.
1091 1495 1149 1559 Sit

124 1579 203 1639 sane
225 1586 329 1649 tanta,
351 1587 509 1657 quantam
532 1589 569 1640 tu
592 1580 684 1641 illam
707 1599 778 1640 esse
800 1581 859 1641 vis,
904 1579 1046 1652 Etenim,
1071 1582 1147 1643 sine
1219 1616 1221 1621 ·

122 1661 353 1733 controversia,
368 1670 401 1722 et
427 1682 551 1739 magna
566 1674 624 1734 est,
640 1672 673 1724 et
695 1664 762 1724 late
784 1672 884 1744 patet,
900 1672 934 1726 et
956 1664 999 1725 ad
1020 1664 1148 1727 multos

122 1747 273 1827 pertinet,
289 1754 322 1806 et
337 1765 464 1807 summo
480 1748 513 1806 in
532 1745 653 1808 honore
669 1766 798 1827 semper
813 1746 896 1819 fuit;
919 1756 952 1809 et
968 1748 1150 1811 clarissimi

123 1833 213 1891 cives
235 1831 266 1891 ei
288 1829 395 1913 studio
411 1831 512 1892 etiam
534 1829 629 1892 hodie
651 1840 815 1911 praesunt:
842 1831 899 1892 sed
914 1832 998 1903 vide,
1014 1831 1149 1906 Crasse,

123 1935 174 1986 ne,
190 1914 269 1976 dum
283 1934 367 1976 novo
389 1923 422 1976 et
439 1914 546 1977 alieno
561 1924 679 1976 ornatu
702 1915 785 1975 velis
799 1934 917 1976 ornare
934 1917 1019 1993 juris
1035 1916 1150 1978 civilis

123 1999 304 2070 scientiam,
320 2019 379 2060 suo
401 2019 527 2079 quoque
550 2019 635 2069 earn,
650 2017 804 2059 concesso
820 2007 853 2059 et
875 1998 1004 2069 tradito,
1020 2000 1151 2079 spolies

124 2091 223 2161 atque
239 2082 393 2145 denudes.
438 2082 536 2155 Nam,
551 2084 578 2144 si
600 2083 648 2142 ita
666 2082 799 2152 diceres,
814 2083 870 2160 qui
887 2082 1151 2159 jurisconsultus

122 2175 219 2237 esset,
231 2186 303 2228 esse
319 2188 396 2229 eum
411 2177 582 2238 oratorem,
594 2168 737 2244 itemque
752 2167 808 2245 qui
824 2174 910 2226 esset
926 2174 1044 2236 orator,
1054 2167 1149 2244 juris

123 2251 263 2312 eundem
279 2270 350 2313 esse
366 2252 567 2320 consultum
590 2250 768 2330 praeclaras
782 2248 865 2310 duas
881 2259 968 2310 artes
984 2252 1148 2313 constitu-

123 2355 203 2407 eres,
220 2344 318 2414 atque
342 2337 427 2396 inter
442 2354 476 2396 se
500 2354 604 2414 pares
619 2343 653 2395 et
668 2333 815 2414 ejusdem
830 2334 936 2394 socias
951 2332 1122 2410 dignitatis
1137 2358 1148 2398 ε
1219 2357 1220 2373 ¹

122 2439 210 2480 nunc
226 2419 314 2492 vero,
333 2418 603 2497 jurisconsultum
627 2419 697 2479 sine
719 2417 782 2480 hac
806 2418 997 2497 eloquentis,
1013 2418 1053 2479 de
1075 2421 1147 2498 qud

122 2504 306 2583 quaerimus
319 2505 432 2565 fateris
447 2523 517 2567 esse
533 2523 638 2583 posse,
654 2502 817 2580 fuisseque
832 2502 989 2582 plurimos
1002 2524 1010 2573 3
1033 2513 1147 2564 orato-

123 2607 192 2649 rem
208 2608 318 2667 negas,
333 2589 394 2648 nisi
416 2587 508 2648 illam
531 2588 702 2649 seientiam
725 2586 924 2656 assumserit,
939 2606 1010 2648 esse
1033 2589 1153 2667 posse.'
1218 2594 1219 2599 ’

123 2670 173 2734 Ita
188 2673 311 2735 esttibi
322 2672 575 2751 jurisconsultus
590 2674 659 2753 ipse
676 2692 734 2752 per
748 2691 782 2732 se
797 2668 888 2741 nihil,
900 2672 963 2732 nisi
977 2671 1146 2748 leguleius

123 2756 256 2835 quidam
279 2766 451 2818 cantuset
476 2765 602 2828 acutus
625 2775 733 2837 praeco
748 2757 925 2826 actionum,
940 2767 1055 2816 cantor
1077 2756 1145 2816 for-
1217 2802 1218 2805 η

122 2841 297 2912 mularum,
309 2860 432 2921 auceps
443 2841 662 2921 syllabarum:
685 2839 751 2912 sed,
762 2841 840 2919 quia
855 2839 941 2919 saepd
952 2842 1056 2900 utitur
1067 2859 1144 2901 ora-

122 2934 173 2985 tor
188 2925 331 2987 subsidio
341 2927 425 3004 juris
440 2927 474 2987 in
490 2927 607 2997 causis,
623 2925 743 2986 idcirco
758 2926 857 2985 istam
868 2923 952 3000 juris
967 2924 1146 2986 scientiam

123 3009 328 3089 eloquentia,
357 3020 516 3089 tanquam
545 3009 736 3071 ancillulam
769 3007 1054 3090 pedisequamque,
1084 3008 1145 3069 ad-

124 3095 271 3172 junxisti.
376 3090 381 3095 ’
1216 3128 1217 3137 ¹

166 3177 249 3240 LVI.
273 3177 371 3254 Quod
382 3176 461 3239 verd
471 3178 709 3258 impudentiam
721 3177 901 3239 admiratus
913 3195 949 3236 es
958 3195 1070 3237 eorum
1082 3194 1143 3256 pa·
1212 3187 1216 3211 ¹

123 3271 299 3334 tronorum,
314 3264 370 3342 qui
385 3271 452 3335 aut,
468 3265 543 3325 clim
564 3282 670 3343 parva
683 3263 855 3330 nescirent,
870 3280 994 3337 magna
1009 3260 1143 3339 profite-
1215 3334 1216 3337 Ἴ

123 3356 245 3433 rentur,
262 3356 320 3408 aut
342 3368 392 3419 ea,
409 3352 481 3426 quae
497 3349 645 3408 maxima
667 3355 774 3407 essent
789 3346 822 3405 in
844 3346 919 3422 jure
935 3344 1033 3415 civili,
1055 3353 1144 3406 trac·
1215 3354 1216 3388 ἰ

123 3440 196 3492 tare
212 3430 370 3492 auderent
384 3433 419 3492 in
434 3434 552 3503 causis,
567 3433 642 3492 cum
657 3450 699 3491 ea
719 3431 891 3500 nescirent,
906 3448 1144 3508 nunquamque

123 3513 313 3577 didicissent
325 3538 332 3586 ;
355 3517 524 3595 utriusque
537 3516 585 3577 rei
597 3515 703 3576 facilis
715 3523 763 3575 est
775 3522 807 3575 et
822 3521 974 3594 prompta
986 3511 1143 3576 defensio.
1214 3554 1215 3559 κ

125 3598 214 3661 Nam
229 3620 335 3679 neque
348 3600 428 3661 illud
444 3610 493 3661 est
508 3598 901 3676 mirandum,qui‚quibus
913 3595 1021 3658 verbis
1037 3601 1144 3659 eodm·
1214 3580 1215 3651 l

124 3685 172 3745 tio
187 3684 257 3757 fiat,
270 3686 407 3756 nesciat,
422 3685 561 3746 eundem
578 3685 648 3761 ejus
669 3682 824 3753 mulieris,
839 3702 911 3761 quae
927 3681 1144 3744 coemtionem
1211 3690 1214 3767 1

125 3769 250 3841 fecerit,
262 3788 398 3830 causam
412 3788 507 3849 posse
520 3767 713 3830 defendere:
736 3786 805 3836 nec,
818 3768 845 3826 si
860 3767 955 3845 parvi
971 3766 1098 3843 navigii
1110 3776 1145 3829 et

126 3857 240 3932 magni
262 3853 380 3916 eadem
402 3862 451 3916 est
477 3856 511 3915 in
534 3851 746 3932 gubernando
764 3851 921 3922 scientia,
944 3849 1063 3911 idcirco
1078 3852 1145 3928 qui,
