2434 4286
306 397 349 441 nn
365 394 512 441 nunnoni
533 397 632 441 mun·
645 398 806 442 samsona
1023 385 1070 444 98

48 555 154 611 antem
167 547 345 629 complura
358 565 483 626 genera
493 555 589 609 sunt:
612 566 687 626 quae
700 545 781 609 mibi
793 546 948 612 videntur
961 549 987 612 ii
1000 567 1068 614 me·

47 633 104 694 lios
117 633 227 705 nosse,
238 635 296 712 qui
310 632 478 694 dialectici
492 632 715 713 appellantur,
728 630 762 693 bi
777 641 890 695 antem
905 637 1007 696 nostri
1021 637 1068 714 ig·

30 734 33 747 ·
47 734 171 791 narare,
185 719 244 797 qui
258 738 324 779 non
339 717 446 779 minirs
468 717 563 778 nosse
579 716 741 778 debeant:
762 728 834 784 tum
848 716 931 779 illud
944 729 995 781 est
1005 718 1069 782 sre-

7 802 8 805 ’
47 804 296 882 quentissimum
322 804 357 863 in
379 802 468 863 omni
492 799 728 863 consuetudine
754 802 807 863 vel
831 806 990 865 sermonis
1014 804 1068 868 vel

48 889 165 969 scripti,
177 888 256 951 oiim
271 887 394 949 idcirco
409 885 533 966 aliquid
548 885 737 963 ambigitur,
749 885 835 965 quod
849 896 908 949 aut
919 889 1068 962 verbum,

48 981 101 1034 aut
122 971 233 1035 verba
256 973 321 1032 sint
350 972 579 1052 praetermissa.
624 970 745 1033 lterum
775 980 888 1033 autem
917 984 1068 1053 peccant,
1129 1022 1134 1035 .

48 1059 116 1119 cinn
127 1076 239 1136 genus
253 1056 316 1118 hoc
329 1075 513 1128 causarum,
523 1055 610 1136 quod
625 1057 659 1117 in
671 1057 784 1137 scripti
797 1057 1069 1138 interpretatione

47 1152 206 1214 versatur,
222 1141 266 1203 ab
277 1142 344 1202 illis
358 1143 476 1213 nausia,
485 1142 521 1202 in
536 1139 663 1220 quibus,
672 1141 780 1220 qualis
794 1160 932 1221 quaeque
948 1162 1001 1205 res
1016 1145 1068 1216 sit,

47 1226 260 1308 disceptatur,
286 1227 479 1304 sejungunt:
506 1245 667 1305 nusquam
694 1227 782 1288 enim
807 1235 878 1287 tam
903 1230 1069 1306 quaeritur‚

48 1313 140 1392 quale
156 1312 202 1373 sit
225 1331 332 1389 genus
345 1312 454 1388 ipsum
471 1311 530 1381 rei,
545 1311 642 1389 quim
657 1311 692 1371 in
706 1311 838 1390 scripto,
854 1311 939 1390 quod
960 1321 1069 1375 totum

7 1402 8 1405 ’
48 1396 157 1458 alecti
171 1396 395 1457 controversia
405 1402 599 1475 separatum
611 1403 670 1456 est.
708 1394 759 1456 lta
773 1397 838 1456 tria
849 1403 926 1457 sunt
937 1398 1069 1459 omnino
1160 1400 1161 1404 ’
1209 1394 1210 1397 ’

48 1500 178 1559 genera,
194 1500 268 1560 quae
286 1485 321 1541 in
336 1479 606 1560 disceptationem
621 1487 663 1540 et·
676 1480 935 1541 controversiam
950 1480 1068 1544 cadere

47 1564 300 1646 possunt3-quid
315 1563 383 1635 fiat,
394 1562 530 1634 factum,
542 1562 730 1625 futurumve
746 1565 804 1637 sit3
827 1571 886 1626 aut
900 1564 998 1644 quale
1010 1567 1068 1638 sit;

48 1661 102 1712 ant
116 1648 285 1731 quomodo
296 1650 498 1710 nominetur:
521 1658 645 1708 namet
659 1648 740 1709 illud
751 1647 892 1728 quidem,
903 1649 989 1729 quod
999 1652 1068 1731 qui·

46 1734 121 1796 dam
134 1733 249 1796 Graeci
264 1732 458 1811 adjungunt,
479 1732 611 1794 rectene
627 1730 753 1795 factum
775 1735 826 1806 sit,
848 1742 956 1795 totum
970 1736 1004 1795 in
1028 1756 1068 1796 eo

46 1829 103 1892 est,
117 1818 218 1900 qnod,
233 1819 331 1897 quale
351 1820 402 1889 sit,
416 1819 611 1898 quaerimus>
645 1815 711 1879 Sed
728 1820 802 1897 jam
816 1818 860 1880 ad
880 1820 1069 1882 institutum

45 1915 197 1967 revertar
210 1923 332 1965 meum.
647 1942 652 1950 ·

85 1988 224 2053 XXVII.
247 1987 331 2050 Cim
345 1988 454 2065 igitur,
469 1994 606 2068 accepto
621 2006 730 2050 causae
746 2007 866 2067 genere
879 1997 912 2050 et
927 1989 1069 2067 cognito,

45 2093 113 2137 rem
135 2083 286 2137 tractare
302 2073 396 2152 coepi,
412 2072 493 2133 nihil
514 2074 603 2153 priirs
618 2073 790 2144 constituo,
804 2074 911 2152 quim,
924 2074 1004 2153 quid
1026 2075 1069 2136 sit

45 2158 218 2238 illudque
242 2157 323 2218 mihi
347 2156 518 2218 referenda
533 2158 576 2218 sit
598 2158 703 2219 omnis
726 2157 785 2219 illa
805 2159 920 2230 oratio,
934 2178 1007 2238 quae
1025 2160 1068 2221 sit

45 2244 180 2324 propria
194 2243 383 2322 quaestionis
398 2252 431 2303 et
442 2241 581 2321 judicii:
603 2241 721 2303 deinde
736 2243 795 2304 illa
809 2243 873 2304 duo
888 2243 1068 2322 diligentis·
1149 2244 1153 2253 '

46 2330 123 2393 sime
139 2326 322 2398 considero,
333 2346 470 2405 quorum
485 2326 627 2387 alterum
637 2328 955 2391 commendationem
968 2327 1068 2390 habet

45 2425 202 2481 nostram,
219 2419 278 2472 aut
302 2430 414 2472 eorum
429 2430 510 2491 quos
531 2409 756 2484 defendimus3
779 2413 920 2475 alterum
938 2422 988 2474 est
1014 2433 1068 2474 ao·

46 2496 292 2559 commodatum
309 2495 351 2556 ad
372 2515 487 2557 eorum
502 2496 639 2567 animos,
655 2496 743 2577 apud
766 2516 846 2577 quos
860 2497 1009 2569 dicimus
1025 2495 1069 2558 ad

44 2581 76 2643 id
90 2580 180 2662 quod
197 2580 358 2652 volumus
369 2579 631 2641 commovendos
675 2580 726 2641 lta
740 2582 825 2641 ratio
839 2582 944 2642 omnis
959 2581 1067 2641 dicen·

44 2664 76 2727 di
89 2666 201 2729 tribus
212 2664 255 2726 ad
270 2664 535 2745 persuadendum
546 2664 645 2727 rebus
661 2675 711 2726 est
723 2666 819 2725 nixa:
842 2672 879 2725 ut
892 2663 1068 2745 probemus

7 2742 9 2771 ²
43 2769 124 2833 vera
140 2769 215 2812 esse
232 2768 274 2812 ee
288 2768 362 2829 quae
376 2747 600 2822 defendimus3
620 2758 659 2830 ut
674 2749 885 2810 conciliemus
903 2748 996 2810 nobis
1011 2768 1068 2812 eos

44 2837 100 2915 qui
123 2833 289 2907 audiunt3
311 2843 347 2895 ut
363 2834 489 2895 animos
511 2853 634 2906 eorum,
649 2834 691 2894 ad
715 2851 941 2914 quemcunque
953 2852 1068 2896 *causa

43 2918 229 3000 postulabit
243 2927 377 2990 motum,
388 2938 553 2980 vocemus.
599 2918 649 2981 Ad
665 2918 870 2999 probandum
882 2928 994 2981 autem
1010 2918 1067 2982 du·

44 3005 121 3084 plex
137 3012 190 3065 est
212 3003 334 3065 oratori
358 3003 508 3082 subjecta
522 3005 696 3066 materies:
718 3023 787 3065 nna
810 3024 920 3067 rerum
942 3023 1066 3076 earum,

44 3108 116 3168 quae
131 3109 201 3150 non
224 3088 455 3166 excogitantur
469 3087 512 3149 ab
527 3098 665 3160 oratore,
680 3090 746 3160 sed,
767 3090 802 3150 in
826 3109 861 3151 re
876 3089 1001 3170 positae,
1015 3108 1066 3149 ra·

43 3174 133 3235 tione
144 3181 350 3245 tractantem
373 3184 410 3233 nt
425 3172 558 3245 tabulae‚
567 3174 764 3244 testimonia,
773 3183 883 3254 pacta,
893 3181 1066 3246 conventa,

43 3258 254 3338 quaestiones,
265 3257 365 3336 leges,
376 3259 671 3337 senatilsconsulta‚
682 3277 734 3320 res
743 3257 911 3337 judicata,
922 3256 1066 3329 decreta,

7 3350 9 3365 '
44 3361 214 3424 responsa,
229 3351 262 3403 et
287 3342 424 3422 reliqua,
440 3343 468 3403 si
489 3362 562 3423 quae
578 3352 664 3414 sunt,
678 3362 751 3423 quae
773 3361 838 3403 non
862 3340 905 3402 ab
927 3350 1056 3402 oratore

43 3425 288 3508 pariuntnr‚sed
303 3426 345 3489 ad
360 3436 525 3490 oratorem
539 3447 561 3489 a
576 3427 677 3489 causi
691 3436 789 3507 atque
804 3446 827 3487 a
837 3426 902 3488 reis
917 3424 1066 3490 deferun-

44 3521 117 3584 tur3
141 3511 251 3573 altera
266 3521 325 3584 est,
340 3531 413 3592 quae
427 3521 498 3574 tota
519 3513 554 3574 in
570 3511 791 3593 disputatione
807 3521 841 3574 et
856 3522 1067 3592 argumenta·

43 3597 133 3659 tione
150 3597 289 3665 oratoris
305 3597 470 3682 collocata
482 3607 541 3658 est.
585 3595 637 3658 lta
658 3598 690 3658 in
706 3598 872 3678 superiore
889 3617 1009 3676 genere
1025 3597 1065 3660 de

43 3679 229 3743 tractandis
244 3682 458 3758 argumentis,
473 3682 506 3741 in
521 3680 582 3743 hoo
598 3692 710 3743 autem
726 3682 828 3744 etiam
844 3681 884 3744 de
899 3684 1066 3744 invenien-

7 3800 8 3807 κ
43 3764 103 3838 dis,
115 3764 331 3843 cogitandum
342 3776 401 3828 est.
446 3766 554 3845 Atque
567 3766 620 3826 isti
632 3766 774 3844 quidem,
785 3768 840 3845 qui
855 3765 1066 3836 docent,ci1m
1104 3798 1112 3805 -

7 3932 9 3943 Ι
44 3869 168 3913 causas
182 3850 218 3912 iu
232 3850 330 3932 plura
341 3869 465 3930 genera
475 3859 660 3921 secuerunt,
672 3850 810 3937 singulis
824 3846 1000 3925 generibus
1015 3864 1058 3906 nr¹
