2434 4286
344 353 384 397 nn
397 352 540 395 onerans
553 353 642 395 nmen
657 353 819 395 emortuus.
1036 337 1097 396 129

70 501 162 564 aliud
178 508 231 564 est
254 509 501 582 exspectatum:
527 501 646 563 naturi
659 501 748 562 enim
768 519 830 562 nos
851 499 901 581 (ut
923 499 1000 562 ante
1015 500 1094 581 dixi)

70 596 183 648 noster
198 587 344 648 delectat
359 605 468 657 error3
491 604 532 646 ex
547 605 620 665 quo,
635 587 710 647 cum
725 587 820 665 quasi
838 583 968 666 decepti
983 584 1097 648 sumus

71 673 331 751 exspectatione,
342 669 495 731 ridemus.
1006 726 1011 734 ,
1135 730 1141 741 Α

109 755 219 818 LXV.
243 754 279 815 ln
294 754 521 815 verbisetiam
535 754 595 814 illa
609 762 778 833 suntquis
793 761 852 815 aut
866 774 908 816 ex
923 754 1101 819 immutata
1141 786 1156 795 ··
1204 790 1205 797 ,

71 841 223 903 oratione
239 838 411 909 ducuntur,
431 847 489 898 aut
513 859 555 899 ex
569 839 666 899 unius
681 837 774 900 verbi
796 838 1022 911 translatione,
1037 848 1131 903 autc·
1148 848 1166 885 '¹
1199 848 1205 893 A

72 943 113 984 ex
143 924 331 985 inversione
360 922 544 983 verborum.
593 921 646 984 Ex
675 923 922 995 immutatione3
952 932 989 985 ut
1018 923 1096 985 olim

71 1006 186 1070 Rusca
197 1009 274 1069 cum
285 1008 394 1085 legem
406 1006 504 1068 ferret
517 1007 682 1078 annalem,
693 1006 858 1068 dissuasor
870 1007 916 1070 M.
928 1007 1096 1079 Servilius

72 1090 139 1153 Dic
150 1092 240 1162 milti,
252 1092 365 1170 inquit,
380 1088 429 1151 M.
444 1088 572 1162 Pinari,
584 1111 668 1160 num,
682 1090 711 1151 si
725 1101 832 1152 contra
847 1102 875 1153 te
890 1090 1007 1164 dinero,
1018 1091 1096 1153 milii

72 1176 155 1238 mdc
170 1177 312 1238 dicturus
327 1195 368 1247 es,
383 1184 418 1235 ut
432 1173 553 1236 crearis
565 1173 702 1256 fecisti?
744 1174 784 1236 Ut
798 1185 957 1237 sementem
963 1175 1096 1258 feceris,

72 1260 117 1322 ito
132 1270 236 1332 metes,
251 1259 364 1339 inquit.
409 1259 462 1321 Ex
476 1261 690 1320 translatione
706 1269 828 1331 autem,
837 1268 882 1331 ut,
895 1262 970 1321 cum
985 1260 1096 1340 Scipio

72 1346 129 1407 ille
146 1347 254 1423 major
268 1342 453 1415 Corinthiis
468 1352 614 1404 statuam
635 1343 866 1424 pollicentibus
881 1364 920 1405 eo
943 1344 1024 1415 loca,
1039 1344 1096 1406 ubi

72 1431 217 1491 aliorum
240 1437 349 1489 essent
371 1429 615 1508 imperatorum,
639 1427 786 1488 turmales
811 1427 893 1488 dixit
922 1425 1094 1508 displicere.

71 1512 287 1576 Invertuntur
308 1521 420 1575 antem
443 1511 554 1583 verba,
569 1521 614 1584 ut,
629 1511 767 1574 Crassus
783 1512 872 1592 apud
894 1511 941 1574 M.
961 1510 1095 1592 Perper-

72 1619 153 1660 nam
167 1597 316 1676 judicem
339 1617 396 1676 pro
412 1596 580 1659 Aculeone
596 1598 670 1658 oiim
695 1596 828 1666 diceret,
843 1595 959 1658 aderat
981 1608 1097 1658 contra

37 1681 40 1685 ’
73 1684 282 1744 Aculeonem
307 1679 501 1742 Gratidiano
528 1680 564 1742 L.
588 1679 695 1742 AElius
722 1681 849 1752 Lamia,
871 1680 1034 1753 deformis
1059 1691 1097 1742 ut

72 1767 198 1838 nostis3
221 1767 276 1846 qui
292 1766 366 1826 cum
389 1765 614 1845 interpellaret
629 1765 757 1837 odiose;
779 1764 967 1837 Audiamus,
982 1766 1096 1844 inquit,

70 1849 262 1934 pulchellum
282 1870 424 1930 puerum,
440 1848 586 1910 Crassus,
630 1848 713 1910 cnm
737 1859 823 1910 esset
847 1851 996 1921 arrisum,
1020 1847 1096 1910 Non

67 1933 162 2018 potui
177 1933 262 2006 milti,
276 1934 380 2012 inquit
396 1933 673 2016 Lamia,formom
689 1931 910 2016 ipsefiugere5
933 1932 1095 2013 ingenium

67 2020 170 2102 potui.
203 2017 290 2080 Tum
302 2015 557 2090 hiarlurliamus,
566 2020 681 2097 inquit,
690 2017 856 2080 disertum.-
877 2017 1096 2081 multbetiam

73 2105 218 2165 arrisum
234 2113 282 2164 est
298 2101 533 2165 vehementius.

107 2187 204 2255 ¹Sunt
219 2188 319 2249 etiam
336 2187 394 2248 illa
408 2198 557 2258 venusta,
574 2195 610 2248 ut
631 2187 665 2248 in
680 2187 839 2265 gravibus
853 2189 1033 2260 sententiis,
1048 2189 1096 2250 sic

73 2273 108 2332 in
135 2271 275 2333 facetiis.
320 2270 398 2333 Dixi
424 2273 512 2332 enim
537 2270 670 2343 dudum,
694 2274 868 2334 materiam
894 2273 997 2334 aliam
1023 2292 1095 2334 esse

74 2357 155 2435 joci,
165 2357 268 2417 aliam
278 2356 477 2426 severitatis;
500 2358 654 2433 gravium
666 2367 778 2418 autem
790 2366 822 2419 et
833 2359 982 2435 jocorum
995 2376 1096 2439 unam

74 2461 147 2503 esse
159 2442 329 2502 rationem.
348 2481 351 2486 -
373 2437 499 2501 Omont
515 2442 616 2517 igitur
627 2442 786 2521 imprimis
797 2444 980 2503 orationem
992 2441 1095 2502 verba
1127 2466 1134 2475 ·

73 2527 186 2589 relata
200 2525 381 2596 sonuerim
404 2524 489 2602 quod
505 2525 593 2587 idern
607 2544 711 2602 genus
727 2526 813 2604 saepe
829 2534 879 2587 est
894 2525 996 2586 etiam
1008 2524 1095 2586 iace·

72 2620 165 2681 tnm3
189 2619 235 2680 ut,
250 2609 385 2671 Servius
409 2609 463 2670 ille
487 2608 605 2679 Galba,
620 2611 695 2671 clim
714 2609 842 2686 judices
866 2608 902 2669 L.
927 2607 1096 2670 Scribonio

72 2694 207 2755 tribuno
231 2694 335 2774 plebis
357 2693 457 2754 ferret
481 2692 661 2760 familiares
684 2712 767 2764 suos,
790 2703 823 2753 et
847 2692 982 2754 dixisset
1004 2691 1095 2766 Libo,

77 2776 216 2848 Quando
232 2778 364 2848 nitidem,
389 2776 490 2838 Galba
506 2777 541 2836 de
564 2776 702 2838 triclinio
717 2787 769 2838 tuo
784 2775 909 2838 exibis?
956 2772 1041 2838 Cum
1052 2787 1095 2850 tu,

74 2863 192 2941 inquit,
203 2862 241 2922 de
256 2860 393 2922 eubiculo
404 2860 514 2921 alieno.
562 2862 588 2922 A
601 2882 665 2941 quo
678 2882 798 2940 genere
811 2882 851 2922 ne
868 2861 949 2923 illud
963 2861 1095 2941 quidem

74 2947 253 3027 plurimum
265 2946 375 3018 distat,
387 2945 471 3024 quod
483 2944 625 3007 Glaucia
636 2944 782 3018 Metello,
797 2944 909 3020 Villam
921 2944 955 3006 in
969 2944 1095 3008 Tiburte

73 3031 176 3100 Italica,
188 3039 298 3091 cortem
314 3030 348 3090 in
364 3028 502 3091 Palatio.
1124 3033 1168 3086 ff

119 3113 235 3176 LXVI.
259 3114 308 3175 Ac
324 3113 498 3176 verborum
512 3113 644 3193 quidem
659 3136 783 3193 genera
797 3136 869 3194 quoe
885 3121 993 3176 essent
1008 3113 1094 3174 faee-

73 3209 120 3271 ta,
132 3198 252 3260 dixisse
267 3218 319 3260 me
335 3207 432 3278 puto:
455 3218 563 3260 rerum
579 3199 674 3277 plura
689 3208 783 3269 sunt3
807 3218 910 3276 eaque
927 3196 1031 3274 magis
1045 3198 1095 3276 (ut

75 3283 143 3344 dixi
167 3282 257 3362 ante)
281 3282 445 3344 ridentur:
475 3284 510 3343 in
533 3282 651 3361 quibus
674 3292 722 3343 est
748 3283 912 3351 narratio;
939 3300 991 3340 res
1015 3281 1094 3342 sane

75 3366 227 3428 difficilis.
272 3365 496 3445 Exprimenda
511 3369 598 3426 enim
613 3376 698 3435 sunt,
710 3376 743 3426 et
758 3358 910 3445 ponenda
925 3373 1002 3425 ante
1018 3384 1094 3427 ocu-

75 3451 134 3523 los,
149 3471 200 3522 ea,
216 3470 288 3529 quae
306 3451 478 3513 videantur
493 3470 564 3512 esse
580 3450 770 3510 verisimilia
787 3449 885 3529 (quod
901 3457 949 3509 est
971 3449 1094 3530 propri-

75 3554 130 3596 um
145 3535 367 3613 narrationis),
379 3545 412 3596 et
427 3555 499 3614 quae
516 3536 579 3596 sint
593 3534 689 3612 (quod
706 3534 834 3596 ridiculi
849 3536 1014 3614 proprium
1030 3533 1091 3611 est)

75 3620 269 3700 subturpia:
296 3622 390 3698 cujus
412 3618 607 3697 exemplum,
629 3627 665 3677 ut
690 3617 927 3688 brevissimum,
950 3621 991 3680 sit
1014 3619 1093 3679 sana

76 3703 167 3775 illud,
182 3704 268 3782 quod
290 3705 367 3765 ante
389 3705 493 3783 posui,
509 3700 619 3763 Crassi
640 3702 680 3762 de
697 3701 864 3767 Memmio.
909 3703 953 3764 Et
968 3702 1011 3763 ad
1031 3701 1094 3764 hoo

76 3807 182 3867 genus
197 3787 423 3852 adscribamus
438 3789 539 3847 etiam
554 3787 760 3850 narrationes
775 3785 997 3865 apologorum.
1176 3808 1182 3815 ·
