2434 4286
326 363 365 404 un
387 363 528 404 carrona
548 362 638 404 mus
658 363 820 406 mwunus.
1022 349 1081 409 1⁵1

65 509 159 572 nibus
173 510 295 571 nostris
310 505 459 571 sensibus
474 528 545 571 esse
561 529 692 570 sensum
707 509 859 571 videndi:
875 528 976 589 quare
991 511 1082 574 facil·

65 592 139 655 lime
159 596 274 655 animo
293 595 398 656 teneri
420 613 515 689 posse
529 614 581 665 ea,
595 613 668 672 quae,
690 595 936 674 perciperentur
950 596 1084 658 auribus

63 688 121 738 aut
144 680 357 756 cogitatione,
372 680 400 737 si
420 678 522 738 etiam
537 678 704 739 oculorum
720 678 936 739 commendat
916 689 1001 739 tione
1016 682 1084 741 ani·

64 762 125 822 mis
140 762 309 823 traderent
297 771 371 834 t;ur
392 770 430 822 ut
451 780 504 821 res
518 781 633 831 cacas,
649 770 682 822 et
703 762 746 825 ab
769 762 942 841 adspectus
960 753 1085 840 judicio

63 855 221 918 remotas,
243 846 456 907 conformatio
478 844 639 925 quaedam,
661 854 695 906 et
718 847 836 923 imago,
851 856 885 907 et
907 846 1014 923 figura
1037 849 1084 910 ita

63 939 208 1000 notaret,
225 939 261 991 ut
284 949 335 1001 ea,
358 948 430 1007 quae
453 928 628 1006 cogitando
643 930 815 1008 complecti
830 931 887 990 vix
908 949 1085 1011 possemus,

63 1012 226 1074 intuendo
240 1015 335 1092 quasi
350 1023 545 1073 teneremus

108 1095 175 1157 His
201 1108 315 1157 autem
340 1096 452 1157 formis
478 1106 578 1173 atque
604 1095 801 1174 corporibus,
826 1098 911 1158 sicut
936 1097 1086 1160 omnibus

64 1200 140 1260 quae
164 1181 226 1240 sub
249 1180 442 1261 adspectum
457 1181 604 1250 veniunt,
619 1179 813 1245 admonetur
834 1184 992 1242 memoria
1014 1201 1085 1243 nos·

63 1275 128 1335 tra,
143 1273 244 1342 atque
260 1267 441 1325 excitatur:
465 1262 521 1323 sed
543 1262 623 1323 loeis
638 1283 719 1343 opus
735 1272 803 1324 est:
826 1266 948 1326 etenim
970 1285 1086 1346 corpus

63 1348 209 1425 intelligi
231 1349 301 1408 sine
325 1348 396 1408 loco
417 1367 482 1407 non
504 1357 631 1426 potest:
654 1367 764 1426 quare,
788 1366 829 1406 ne
852 1348 940 1408 inre
963 1352 1038 1410 notd
1053 1359 1086 1410 et

63 1431 266 1512 pervulgati
291 1431 413 1492 multus
427 1440 460 1491 et
486 1431 627 1490 insolens
652 1432 723 1501 sim,
749 1430 828 1490 locis
853 1440 903 1492 est
929 1432 1087 1493 utendum

64 1517 189 1585 multis,
205 1513 395 1585 illustribus
410 1513 592 1593 explicatio,
603 1514 738 1575 modicis
753 1515 953 1586 intervallis3
972 1515 1086 1593 imagi-

64 1599 165 1659 nibus
187 1608 301 1658 autem
323 1598 506 1675 agentibus,
528 1598 670 1669 acribus,
692 1599 864 1675 insignitis,
879 1618 952 1677 quae
975 1619 1086 1660 occur·

64 1700 149 1753 rere,
175 1683 389 1760 celeriterque
410 1691 579 1760 percutere
607 1682 762 1749 animum,
787 1683 918 1762 possint.
974 1682 1086 1758 Quam

64 1766 266 1827 facultatem
281 1775 314 1826 et
329 1766 521 1826 exercitatio
536 1764 647 1826 dabit:
671 1785 712 1826 ex
726 1767 789 1843 qud
801 1767 1003 1827 consuetudo
1016 1770 1085 1845 gig·

64 1850 178 1921 nitur3
202 1860 235 1910 et
258 1849 413 1909 similium
428 1848 603 1910 verborum
618 1868 777 1910 conversa
792 1860 825 1909 et
843 1850 1017 1911 immutata
1033 1871 1086 1912 ca·

64 1934 167 2005 sibus
183 1942 243 1994 aut
264 1932 416 1994 traducta
430 1952 472 1993 ex
493 1943 587 2012 parte
602 1932 645 1992 ad
664 1952 769 2009 genus
783 1934 917 2004 notatio,
933 1943 976 2005 et,
991 1936 1087 1996 unius

63 2017 161 2087 vverbi
184 2018 339 2094 imagine,
353 2018 452 2077 totius
474 2019 643 2077 sententiae
665 2016 861 2088 informatio,
877 2018 1009 2095 pictoris
1031 2039 1085 2080 cu·

65 2100 205 2178 jusdam
220 2102 337 2161 summi
352 2103 478 2161 ratione
494 2110 527 2161 et
548 2100 654 2172 modo,
667 2100 848 2161 formarum
863 2102 1025 2165 varietate
1041 2104 1086 2165 lo·

65 2204 123 2245 cos
133 2184 379 2261 distinguentis.

111 2266 319 2328 LXXXVlll.
351 2267 416 2329 Sed
436 2266 610 2328 verborum
634 2269 799 2337 memoria,
814 2289 886 2348 quae
908 2271 1015 2331 minus
1036 2279 1085 2332 est

65 2352 163 2412 nobis
186 2354 382 2423 necessaria,
402 2353 525 2429 majore
542 2351 723 2428 imaginum
738 2355 900 2414 varietate
916 2353 1085 2432 distingui·

65 2442 140 2506 tur;
156 2435 262 2495 multa
278 2436 364 2496 enirn
381 2447 456 2496 sunt
444 2433 585 2505 t'verba,
596 2454 678 2513 qum,
689 2438 782 2513 quasi
798 2437 937 2507 articuli,
949 2458 1085 2499 connec-

65 2528 142 2581 tunt
165 2519 313 2578 membra
333 2521 497 2589 orationis,
512 2537 585 2597 quae
607 2518 741 2578 formari
763 2520 973 2580 similitudine
998 2521 1086 2581 nulla

65 2611 228 2682 possunt:
251 2622 364 2663 eorum
388 2595 526 2679 figendae
552 2601 645 2662 nobis
670 2611 746 2663 sunt
772 2605 943 2680 imagines,
968 2604 1086 2701 quibus

66 2705 198 2765 semper
213 2696 248 2746 nt
251 2706 354 2746 amur
398 2685 519 2747 Rerum
540 2687 698 2746 memoria
712 2687 844 2766 propria
859 2696 908 2747 est
924 2689 1085 2749 oratoris:

66 2790 155 2839 earn,
170 2769 308 2846 singulis
330 2772 475 2849 personis
490 2770 572 2829 bene
588 2771 709 2849 positis,
725 2780 839 2830 notare
854 2789 1034 2849 possumus
1049 2782 1086 2835 ut

66 2855 250 2913 sententias
272 2852 480 2930 imaginibus
495 2853 640 2914 ordinem
659 2854 747 2925 locis,
763 2854 1084 2934 comprehendamus.

66 2935 186 3015 Neque
212 2956 326 2998 verum
352 2950 412 3007 est,
437 2937 519 3015 quod
545 2937 588 2997 ab
615 2938 773 2999 inertibus
795 2939 923 3011 dieitur,
947 2942 1085 3022 opprimi

66 3022 262 3082 memoriam
287 3022 468 3097 imaginum
492 3024 643 3101 pondere,
667 3033 700 3082 et
726 3023 893 3084 obscurari
916 3026 1017 3086 etiam
1043 3025 1086 3097 id,

66 3105 154 3185 quod
179 3125 238 3184 per
263 3124 298 3164 se
322 3115 380 3165 nat
382 3124 442 3164 ura
464 3115 576 3165 tenere
603 3107 770 3185 potuisset.
816 3107 891 3169 Vidi
913 3110 1000 3168 enim
1023 3128 1085 3185 ego

68 3208 214 3250 summos
244 3187 399 3256 homines,
428 3197 462 3248 et
490 3188 600 3249 divind
629 3193 728 3270 prope
758 3192 922 3260 memoria,
949 3191 1086 3253 Athenis

67 3271 348 3342 Charmadam,1n
365 3272 443 3333 nsit
466 3273 575 3351 (quem
591 3274 702 3334 vivere
717 3271 811 3335 hodie
828 3275 932 3352 aiunt)
957 3275 1085 3355 Scepsi-

67 3375 126 3418 um
150 3354 384 3426 Metrodorum,
407 3375 544 3434 quorum
568 3365 717 3453 uterque,
741 3365 900 3435 tanquam
926 3359 1059 3420 literis'
1052 3380 1085 3421 in

68 3440 154 3510 ceri,
169 3441 215 3499 sic
237 3459 272 3498 se
289 3438 400 3500 aiebat
423 3438 644 3517 imaginibus
637 3460 669 3499 m
685 3441 726 3500 iis
741 3439 828 3511 locis,
844 3460 923 3519 quos
938 3443 1085 3516 haberet,

67 3542 142 3603 quae
165 3523 351 3584 meminisse
374 3524 482 3593 vellet,
505 3523 714 3602 perscribere.
758 3523 871 3598 Quare
887 3524 949 3587 bac
964 3529 1086 3588 exerci-

67 3609 193 3668 tatione
210 3627 273 3668 non
289 3607 434 3667 eruenda
448 3607 606 3667 memoria
621 3617 680 3678 est,
691 3608 719 3667 si
734 3617 783 3668 est
798 3609 890 3669 nulla
906 3612 1084 3682 naturalis3

68 3691 125 3753 sed
141 3691 238 3761 certe,
253 3691 281 3751 si
300 3690 391 3761 latet,
406 3689 577 3751 evocanda
591 3699 651 3751 est.

111 3772 254 3836 Habetis
283 3792 467 3837 sermonem
495 3773 579 3834 bene
615 3773 750 3852 longum
778 3774 929 3839 bominis.
957 3775 1085 3836 utinam
