2434 4286
149 338 210 406 m
406 352 608 397 ποιησαι
629 352 718 395 nura
737 354 900 398 moroan
1203 294 1205 300 A

146 500 208 565 boc
223 500 330 580 magia
344 502 378 563 in
393 501 540 563 oratione
554 500 822 580 exspectandum,
836 503 871 564 in
886 502 950 582 qud
963 523 1028 564 non
1044 504 1102 564 vis
1111 522 1172 584 po·
1204 482 1205 569 i

147 587 221 658 tius,
243 587 300 648 sed
321 585 506 656 delectatio,
527 583 735 665 postulaturi
779 584 870 648 Nihil
892 597 941 649 est
964 589 1107 666 denique
1135 587 1174 649 in
1204 572 1205 643 i

147 671 267 733 natura
280 689 389 732 rerum
404 670 560 739 omnium,
573 669 659 748 quod
673 689 708 729 se
724 672 916 733 universum
930 671 1119 751 profundat,
1139 680 1175 733 et
1204 660 1205 705 i

148 753 233 834 qnod
254 764 361 816 toturn
383 756 516 834 repente
532 754 659 815 evolet:
682 756 729 815 sic
745 757 865 826 omnia,
877 775 950 834 quae
971 755 1063 826 fiunt,
1078 775 1161 835 quae

148 858 212 918 que
228 848 371 916 aguntur
386 837 554 909 acerrime,
569 837 746 900 lenioribus
767 840 935 920 principiis
949 848 1071 901 natura
1092 841 1171 921 ipsa

148 924 332 1004 praetexuit.
574 956 579 963 =
759 970 765 979 ,

191 1004 274 1067 Haec
287 1015 399 1067 autem
414 1006 448 1066 in
463 1005 599 1067 dicendo
613 1025 678 1067 non
693 1007 896 1068 extrinsecus
911 1007 1063 1069 alicunde
1078 1026 1174 1087 qnae·

148 1090 262 1161 nenda,
287 1090 343 1151 sed
370 1109 411 1150 ex
439 1088 517 1169 ipsis
546 1090 727 1163 visceribus
753 1108 862 1152 cansae
890 1092 1049 1152 sumenda
1078 1102 1174 1153 sunt.

149 1172 281 1246 Idcirco,
297 1174 364 1235 tota
378 1174 479 1243 cansa
493 1175 679 1254 pertentati
693 1182 792 1254 atque
806 1176 986 1256 perspecti,
1001 1176 1083 1237 locis
1097 1192 1174 1238 om·

149 1257 246 1319 nibus
268 1259 410 1319 inventis
425 1268 524 1337 atque
547 1259 722 1329 instructis
739 1259 1009 1321 considerandum
1027 1268 1086 1329 est,
1102 1280 1175 1339 quo

149 1343 309 1423 principio
321 1344 362 1404 sit
377 1341 552 1404 utendum:
574 1344 620 1404 sic
636 1351 670 1404 et
681 1342 779 1403 iacild
791 1345 983 1423 reperietur.
1028 1342 1159 1406 Sumen

149 1435 204 1488 tur
219 1429 307 1488 enim
322 1447 363 1489 ex
384 1427 424 1487 iis
439 1426 545 1498 rebus,
559 1444 632 1505 quae
646 1437 743 1488 erunt
758 1427 929 1489 uberrima
944 1429 997 1488 vel
1020 1429 1053 1488 in
1069 1446 1162 1506 argu
1204 1494 1205 1503 χ

150 1513 279 1582 mentis,
302 1512 355 1573 vel
377 1511 411 1571 in
433 1512 473 1571 iis
495 1510 652 1590 partibus,
668 1510 711 1572 ad
734 1531 817 1589 quas
838 1513 906 1573 dixi
929 1510 1054 1589 digredi
1079 1513 1175 1593 saepe
1204 1524 1205 1531 ’

150 1606 310 1675 oportere.
354 1594 405 1656 Ita
427 1604 459 1656 et
481 1597 639 1657 momenti
661 1595 785 1674 aliquid
807 1594 956 1666 afferent,
973 1597 1047 1657 cbm
1070 1605 1175 1658 erunt

58 1697 61 1705 ·
150 1681 243 1759 pane
266 1699 307 1740 ex
331 1679 445 1740 intimis
468 1679 655 1741 defensione
677 1678 858 1759 depromta,
872 1672 907 1742 ἃ
928 1679 1112 1760 apparebit,
1127 1700 1176 1742 0¹²

150 1784 216 1825 non
230 1763 326 1825 modd
341 1783 405 1825 non
421 1782 491 1827 esse
507 1764 703 1835 communia,
714 1782 775 1825 nec
790 1764 823 1825 in
839 1765 923 1826 alias
938 1782 1057 1824 causas
1071 1783 1175 1851 posse

150 1847 330 1919 transferri,
351 1847 410 1909 sed
432 1849 563 1928 penitus
588 1868 629 1909 ex
650 1848 690 1909 eit
713 1848 822 1920 causti,
844 1862 916 1928 quae
941 1858 1012 1910 tum
1037 1858 1175 1926 agatur,

151 1931 339 1994 effloruisse.

195 2015 340 2079 Lxxrx.
364 2016 468 2078 Omne
484 2025 597 2078 autem
618 2016 815 2096 principium
830 2024 889 2077 aut
908 2017 955 2077 rei
970 2017 1078 2087 totius,
1094 2034 1174 2096 quae

65 2150 70 2159 .
94 2120 103 2137 ·
152 2113 280 2178 agetur,
302 2099 576 2179 significationem
597 2099 719 2162 habere
737 2099 878 2171 debebit,
894 2108 953 2161 aut
976 2099 1102 2161 aditum
1127 2102 1175 2163 ad

152 2203 288 2249 causam
304 2196 338 2247 et
360 2185 656 2256 communitionem,
672 2193 730 2246 aut
751 2184 914 2264 quoddam
929 2194 1173 2258 ornamentum,
1204 2246 1205 2249 ,

153 2276 186 2329 et
198 2270 406 2347 dignitatem.
451 2267 517 2330 Sed
532 2278 667 2349 oportet,
679 2276 714 2329 ut
729 2269 853 2329 aedibus
868 2288 908 2330 ac
922 2268 1056 2348 templis
1070 2272 1172 2331 vesti·

152 2351 233 2415 bula
247 2364 280 2414 et
302 2354 419 2424 aditus,
435 2355 481 2413 sic
505 2353 613 2413 causis
634 2353 806 2433 principia,
828 2355 1036 2432 proportione
1058 2351 1174 2415 iarum

153 2456 350 2517 praeponere.
394 2436 507 2517 ltaque
523 2437 557 2497 in
572 2438 684 2517 parvis
699 2447 798 2516 atque
814 2436 1073 2516 infrequentibus
1088 2456 1171 2499 cau-

153 2522 198 2585 sis
212 2523 255 2585 ab
271 2523 341 2604 ipsis
354 2541 390 2582 re
405 2534 455 2583 est
470 2521 610 2582 exordiri
624 2520 709 2600 srepe
723 2522 947 2582 commodius:

183 2604 272 2675 sed,
292 2609 367 2670 cum
393 2607 455 2668 erit
477 2605 634 2675 utendum
660 2605 828 2684 principio,
852 2604 949 2684 (quod
975 2604 1171 2684 plerumque

153 2691 238 2769 erin)
255 2700 314 2753 aut
329 2710 370 2752 ex
384 2709 449 2761 reo,
461 2698 575 2750 autex
590 2690 788 2759 adversario,
804 2698 861 2750 aut
877 2709 918 2750 ex
933 2709 977 2760 re,
989 2699 1047 2750 aut
1063 2705 1105 2750 ex
1121 2691 1172 2751 eis

154 2774 246 2855 apud
257 2794 337 2854 quos
351 2776 470 2851 agitur,
487 2774 666 2834 sententias
680 2773 756 2834 duci
773 2773 891 2834 licebit.
938 2771 989 2834 Ex
1004 2792 1069 2845 reo,
1083 2775 1172 2852 (rens

154 2860 294 2939 appella
309 2877 445 2938 quorum
467 2877 520 2918 res
534 2856 598 2934 est)
613 2876 685 2935 quae
707 2856 893 2934 significent
907 2859 1015 2918 virum
1036 2856 1171 2930 bonum,
1204 2892 1205 2987 p

153 2963 227 3022 quae
242 2942 422 3013 liberalem,
436 2961 508 3019 quae
524 2942 763 3012 calamitosum,
778 2960 850 3020 quae
866 2941 1085 3002 misericordia
1100 2941 1171 3021 dig·
1204 2990 1205 2999 ,

131 3038 242 3098 mum,
258 3047 330 3105 quae
342 3025 476 3113 valeapt
492 3035 605 3087 contra
619 3024 739 3111 saisam
754 3026 1033 3086 criminationem:
1056 3045 1097 3086 ex
1113 3026 1170 3088 ad·
1204 3030 1205 3033 ’

154 3113 310 3182 versario,
333 3110 448 3171 iisdem
462 3129 503 3171 ex
525 3110 605 3171 locis
620 3108 688 3170 ferd
703 3111 876 3170 contraria.
921 3108 975 3186 Eir-
988 3129 1033 3179 re,
1048 3111 1075 3169 si
1098 3124 1171 3172 cru·
1204 3160 1205 3177 ,

154 3193 245 3266 delis,
266 3196 295 3256 si
316 3194 460 3264 infanda,
482 3196 509 3254 si
535 3202 653 3274 praeter
674 3194 870 3273 opinionem,
892 3194 924 3254 si·
944 3193 1119 3266 immeriti),
1142 3196 1181 3256 si·

153 3280 285 3351 misera,
308 3281 336 3341 si
359 3279 500 3356 ingrata,
523 3279 550 3338 si
574 3276 718 3354 indigna,
733 3278 760 3338 si
784 3297 880 3348 nova,
895 3278 922 3338 si
945 3297 1019 3356 quae
1041 3279 1171 3340 restitui
1204 3330 1205 3357 ,

154 3365 329 3442 sanarique
344 3383 409 3424 non
431 3363 551 3442 possit:
573 3380 614 3425 ex
636 3362 676 3422 iis
692 3371 814 3432 autem,
829 3362 917 3443 apud
939 3381 1020 3440 quos
1042 3370 1171 3439 agetur,
1204 3360 1205 3401 ³

154 3456 191 3511 ut
220 3446 407 3512 benevolos,
421 3446 568 3525 beneque
597 3447 822 3507 existimantes
850 3445 1053 3517 efficiamus;
1084 3446 1170 3524 quod

154 3531 284 3609 agendo
298 3529 438 3593 efficitur
459 3530 584 3601 melida
598 3530 695 3608 quam
710 3530 864 3607 rogando.
908 3529 969 3592 Est
985 3529 1016 3590 id
1038 3531 1170 3608 quidem

152 3616 188 3681 in
209 3623 313 3679 totam
334 3615 515 3676 orationem
536 3613 807 3685 confundendum,
822 3634 883 3675 nec
905 3612 1039 3675 minime
1062 3615 1096 3674 in
1115 3635 1168 3677 ex·
1204 3620 1205 3637 ³

154 3707 312 3762 mamam:
335 3698 392 3759 sed
410 3706 527 3759 tamen
542 3698 647 3759 multa
668 3699 831 3779 principia
845 3717 886 3759 ex
900 3718 941 3759 eo
963 3717 1084 3775 genere
1099 3700 1168 3780 gig-

52 3830 57 3839 .
154 3791 285 3845 cuntur.
328 3780 419 3845 Nom
433 3790 467 3843 et
478 3791 656 3853 attentum,
669 3791 803 3847 monent
819 3781 994 3859 Graecini
1010 3783 1169 3866 principio
