2452 4290
132 339 177 397 20
415 355 455 397 ou
475 355 617 397 0111110111
639 354 727 396 amun
747 354 867 397 ramus.

131 500 253 578 Quaero
276 503 373 573 enim,
391 522 470 563 num
493 504 595 584 possit
619 512 677 564 aut
699 512 790 564 contr
822 494 1029 589 imperator
1064 506 1160 577 ,aut

131 605 190 667 pro
201 587 399 665 imperatore
409 585 483 658 dici,
492 589 562 649 sine
576 588 622 648 rei
634 521 1155 667 militariibsri‘ffabt‘sbbbffitiam

131 671 201 730 sine
227 671 398 747 regionum
419 674 623 733 terrestrium
646 681 705 732 aut
730 672 970 731 maritimarum
992 671 1154 733 scientie:

130 772 210 815 num
225 753 314 834 apud
336 755 502 836 populum,
517 754 668 855 delegib
693 775 708 833 s
733 755 739 768 ‘
782 754 879 828 ,endis
897 763 955 814 aut
977 753 1154 817 vetandis:

130 857 210 899 num
234 838 267 899 in
282 850 400 900 senatu
422 838 462 900 de
477 819 639 901 ombl‘r‘er
742 848 773 900 1'
799 824 947 903 o‘'euere
963 832 1154 983 ldlfflffl'ffi

130 922 258 983 summi
277 942 389 984 rerum
411 925 557 985 civilium
581 925 702 1023 cogqit'
723 943 767 987 ne
848 910 972 987 ”riteh
987 912 1155 1013 ldgpfiium·

130 1006 299 1068 admoveri
314 1008 414 1087 possit
429 1009 533 1070 oratio
549 1007 590 1069 ad
603 1028 661 1069 sen
676 1006 681 1013 ’
777 1000 842 1068 rnld
929 1004 1154 1086 atquemotus

129 1090 184 1151 vel
199 1090 459 1164 inflammandos
471 1092 524 1154 vel
541 1093 643 1153 etiam
658 1089 911 1169 exstinguendos
928 1090 1028 1170 (quod
1042 1110 1154 1154 unum

130 1174 164 1235 in
190 1184 318 1236 oratore
344 1175 551 1254 dominatun)
576 1178 645 1238 sine
672 1175 920 1254 diligentissimi
944 1177 1153 1255 pervestiga-
1179 1186 1182 1190 ⁴

130 1260 217 1320 tione
233 1278 349 1320 earum
364 1262 510 1321 omnium
525 1262 700 1332 rationum,
715 1279 787 1338 quae
803 1258 843 1320 de
859 1261 986 1321 naturis
1008 1259 1153 1324 humani

129 1344 258 1421 generis
278 1363 319 1404 ac
345 1343 490 1405 moribus
512 1364 534 1405 a
555 1343 754 1426 philosophis
777 1343 991 1423 explicantur.
1028 1342 1152 1423 ‘At'que

129 1425 218 1489 haud
233 1429 310 1499 scio,
323 1447 365 1488 an
381 1429 488 1489 minus
502 1428 564 1491 hoc
576 1429 669 1490 vobis
685 1429 746 1490 sim
757 1425 972 1509 probaturus:
995 1428 1153 1508 equidem

129 1530 195 1572 non
209 1510 376 1584 dubitabo,
391 1512 477 1591 quod
492 1515 605 1586 sentio,
620 1512 738 1574 dicere.
783 1511 923 1592 Physica
937 1513 1028 1574 istai
1070 1522 1153 1595 aet
1194 1578 1206 1605 1

128 1593 376 1664 mathematica,
388 1607 422 1657 et
438 1617 515 1700 quq
521 1598 622 1678 paulo
636 1598 713 1657 ante
729 1605 925 1658 caeterarum
937 1598 1000 1658 arti
1060 1588 1121 1678 fpr'

93 1706 96 1711 >
128 1680 202 1759 pria
222 1681 368 1758 posuisti,
384 1668 620 1824 001611116ὲὲἰίιὲ
641 1700 755 1742 eorum
775 1681 830 1760 qui
852 1680 911 1741 illa
932 1681 1150 1762 profitentur:

128 1761 292 1824 illustrare
309 1771 421 1825 autem
436 1765 592 1845 oratione
614 1766 625 1824 i
647 1766 719 1844 quis
742 1766 797 1909 isqf
823 1768 1039 1911 ,lsstt‘tit‘lei
1055 1767 1151 1840 velit,

814 1869 856 1912 cu
884 1857 919 1910 at
992 1850 998 1859 '

129 1845 173 1906 ad
198 1847 337 1907 oratoris
363 1849 394 1908 61
421 1847 675 1926 confugiendum
704 1858 753 1911 est
921 1870 983 1911 em.
1002 1834 1150 1929 illeque

116 1931 226 2011 enim,
237 1932 269 2011 ‚si
284 1930 454 1994 Philonem
468 1932 562 1994 illum
577 1932 802 2099 archiqegqpm,
817 1935 873 2013 qui
884 1934 1150 2100 tgztpeniensibus

877 2039 896 2079 o

129 2002 662 2088 ermamentbii‘umfecitconstat,
745 2006 876 2112 qabltdp
921 2014 975 2116 qu
984 2021 1150 2085 rationem

128 2101 237 2180 operis
252 2084 491 2245 suippddidisse
513 2122 531 2162 e
555 2102 768 2163 istimandum
780 2112 838 2176 est,
851 2103 1023 2166 architecti
1037 2105 1149 2183 potios

128 2184 270 2245 artificio
314 2172 461 2275 rse'itlirii}
500 2186 523 2247 b
598 2188 745 2257 oratoris
765 2185 875 2248 fuisse.
920 2186 1002 2260 Nec,
1017 2189 1045 2250 si
1065 2186 1148 2251 huic

129 2265 176 2330 M.
193 2269 335 2330 Antonio
358 2290 418 2350 pro
442 2269 645 2332 Hermodoro
660 2270 775 2339 fuisset
799 2270 838 2332 de
861 2273 1031 2333 navalium
1047 2291 1148 2352 opere

129 2352 401 2429 dicendum,·non,
411 2356 492 2433 011111
508 2355 551 2417 ab
575 2344 790 2417 illo'ba'usam
814 2355 988 2428 didicisset,
1003 2357 1073 2436 ipse
1096 2377 1148 2419 or·

128 2436 205 2497 nate
218 2437 257 2499 de
270 2422 530 2521 etiteitdtrttdffio
543 2441 736 2520 copioseque
749 2437 901 2502 dixisset?
939 2440 1056 2519 Neque
1067 2441 1149 2503 verb

128 2521 342 2603 Asclepiades
353 2525 390 2595 is,
402 2520 466 2604 quo
477 2544 535 2585 nos
547 2524 674 2587 medico
686 2525 857 2605 amicoque
868 2526 919 2586 usi
931 2544 1052 2597 sumus,
1064 2533 1148 2599 tum,

128 2608 204 2667 cirm
227 2607 589 2687 eloquentib.vincebat
612 2618 749 2671 caeteros
774 2609 926 2681 medicos,
948 2610 983 2670 in
1009 2630 1049 2671 eo
1072 2610 1148 2690 ipso
1172 2638 1176 2647 ⁴

127 2689 213 2770 quod
236 2693 351 2753 ornate
368 2693 509 2766 dicebat,
532 2693 701 2757 mediclnae
717 2693 876 2755 facultate
898 2693 1063 2765 utebatur,
1078 2713 1146 2758 non

128 2774 332 2854 eloquentiae.
377 2778 484 2857 Atque
507 2778 588 2839 illud
606 2785 655 2839 est
677 2777 888 2858 probabilius,
903 2797 1009 2857 neque
1031 2787 1146 2842 tamen

126 2877 251 2931 verum,
266 2861 350 2939 quod
366 2859 520 2923 Socrates
535 2860 643 2923 dicere
659 2861 796 2932 solebat,
812 2880 934 2937 omnes,
954 2863 988 2923 in
1004 2883 1044 2925 eo
1058 2863 1146 2942 quod

127 2944 258 3013 scirent,
273 2943 354 3004 satis
369 2965 440 3006 esse
456 2944 663 3023 eloquentes:
685 2944 768 3006 illud
788 2945 908 3017 verius
923 2966 1029 3026 neque
1044 2967 1146 3027 quen·

98 3030 99 3034 ’
127 3045 227 3106 quam
249 3028 283 3088 in
300 3048 339 3088 eo
354 3027 510 3090 disertum
526 3048 597 3089 esse
619 3048 713 3109 posse
729 3029 814 3108 quod
835 3031 972 3103 nesciat,
987 3051 1102 3110 neque,
1117 3035 1146 3095 si
1225 3057 1226 3094 1

126 3110 161 3171 id
183 3111 305 3191 optime
328 3114 421 3185 sciat,
446 3113 644 3192 ignarusque
668 3115 710 3175 sit
733 3113 893 3175 faciendae
918 3132 958 3176 ac
983 3115 1145 3196 poliendae

127 3197 292 3268 orationis
307 3195 426 3259 diserte
441 3196 474 3258 id
489 3199 606 3277 ipsum,
621 3197 661 3259 de
677 3217 741 3278 quo
756 3200 848 3271 sciat,
863 3218 958 3279 posse
973 3200 1091 3261 dicere.

80 3284 95 3325 ἵ
168 3278 241 3342 XV.
272 3280 383 3358 Quam
407 3281 449 3343 ob
471 3302 551 3354 rem,
566 3283 594 3343 si
618 3283 690 3362 quis
713 3284 901 3345 universam
924 3293 957 3346 et
978 3286 1145 3365 propriam

127 3366 265 3427 oratoris
287 3368 356 3427 vim
377 3365 512 3429 definire
535 3368 772 3447 complectique
786 3368 868 3440 vult,
891 3368 919 3429 is
940 3378 1051 3431 orator
1073 3370 1144 3443 erit,

126 3450 201 3510 mei
215 3451 385 3523 sententid,
401 3451 462 3513 hoc
484 3461 553 3513 tam
570 3453 665 3530 gravi
687 3452 806 3530 dignus
821 3454 963 3535 nomine,
978 3454 1043 3537 qui,
1058 3472 1143 3533 quae·
1181 3474 1192 3497 1
1213 3502 1215 3507 ,

127 3551 255 3611 cunque
270 3554 323 3594 res
345 3535 505 3609 inciderit,
520 3556 592 3615 quae
615 3538 656 3597 sit
681 3536 823 3613 dictione
837 3536 1055 3618 «explicanda,
1069 3557 1142 3618 pru·
1184 3548 1189 3558 “

126 3614 250 3689 denter,
266 3627 299 3679 61
314 3620 500 3699 composite,
516 3629 549 3681 et
563 3622 686 3692 ornate,
701 3629 735 3682 et
755 3614 943 3683 memoriter
957 3620 1053 3695 dicet,
1068 3641 1143 3686 cum

127 3698 268 3778 quidam
290 3704 429 3764 actionis
451 3705 551 3765 etiam
577 3704 748 3783 dignitate.
793 3703 858 3767 Sin<
878 3707 1022 3788 cuipiam
1048 3707 1143 3769 nimis
1223 3671 1226 3764 l

126 3781 292 3848 infinitum
307 3784 446 3861 videtur,
460 3787 546 3867 quod
567 3789 617 3850 ita
635 3790 739 3868 posui,
753 3793 940 3872 quacunque
953 3790 992 3853 de
1007 3811 1051 3863 rc,
1065 3791 1142 3855 licet
