2444 4276
95 349 160 408 2⁰2
370 364 410 406 or
431 364 572 405 onerose
592 363 682 405 uuna
701 363 838 406 ruamus.

94 512 221 593 probat,
236 520 295 573 aut
315 513 347 574 ei
370 512 595 593 parircretico.
640 509 768 573 Horum
783 509 1025 572 vicissitudines
1047 509 1117 573 effi-

96 598 193 667 cient,
209 607 246 657 ut
267 616 372 675 neque
395 597 419 656 ii
441 597 610 666 satientur,
625 597 682 674 qui
696 594 841 666 audient,
855 587 1118 657 fastidio‘simili·

95 680 226 753 tudinis,
248 700 309 742 nec
332 700 391 742 nos
412 680 455 749 id,
475 678 561 759 quod
583 679 753 751 faciemus
767 678 867 759 operi
880 679 989 740 dedita
1003 678 1117 742 facere

99 764 276 825 videamur.
324 800 327 805 ·

138 848 235 924 Quod
257 849 285 909 si
308 847 484 929 Antipater
507 847 564 908 ille
579 826 741 917 Sidonius
755 866 853 926 quern
867 855 905 908 tu
927 848 1037 928 probe,
1053 848 1117 910 Ga-

97 933 174 1003 tule‚
189 934 376 1003 meministi,
392 932 505 993 solitus
524 940 574 993 est
598 951 712 993 versus
734 930 943 992 hexametros
965 933 1118 1012 aliosque

98 1018 198 1078 variis
209 1016 312 1079 modis
327 1025 426 1096 atque
441 1017 586 1077 numeris
597 1015 733 1077 fundere
749 1035 790 1077 ex
804 1024 961 1095 ternpore,
972 1025 1118 1078 tautum-

96 1120 159 1180 que
175 1099 316 1161 hominis
331 1101 492 1178 ingeniosi
507 1120 547 1162 ac
562 1101 716 1161 memoris
731 1100 838 1161 valuit
853 1103 1054 1172 exercitatio,
1067 1111 1119 1174 ut,

97 1187 172 1246 curn
187 1204 222 1246 se
238 1193 346 1247 mente
363 1205 403 1247 ac
419 1184 588 1246 voluntate
601 1185 793 1261 conjecisset
808 1186 842 1245 in
858 1202 998 1256 versum,
1013 1185 1121 1248 verba
1212 1230 1213 1257 1

97 1279 325 1348 sequerentur3
347 1268 470 1349 quantd
482 1268 515 1329 id
526 1268 655 1330 facilins
666 1270 700 1329 in
712 1269 870 1340 oratione,
879 1271 1120 1348 exercitatione
1212 1296 1213 1321 l

98 1362 131 1415 et
146 1354 379 1415 consuetudine
396 1352 550 1424 adhibiti,
566 1348 824 1432 consequemur?

140 1436 223 1499 Illud
246 1447 358 1499 autem
383 1458 425 1499 ne
449 1439 521 1517 quis
544 1425 733 1508 admiietun
758 1447 901 1515 quonam
926 1435 1023 1498 modo
1045 1436 1121 1500 haec
1212 1450 1213 1479 ³

98 1522 218 1599 vulgus
233 1516 457 1603 imperitorum
468 1523 502 1583 in
514 1520 675 1582 audiendo
687 1529 797 1591 notet;
821 1523 895 1581 eum
909 1522 1045 1583 inomni
1060 1542 1119 1600 ge-

98 1627 185 1678 nere,
200 1615 271 1668 turn
286 1608 320 1667 in
334 1606 396 1667 hoc
411 1608 490 1686 ipso,
505 1604 628 1683 magfia
642 1604 793 1683 quaedam
807 1614 857 1666 est
879 1605 929 1665 vis
944 1596 1121 1668 incredibi-

99 1690 201 1769 lisque
224 1699 359 1751 naturae.
403 1688 525 1752 Omnes
540 1691 627 1750 enirn
650 1690 752 1750 tacito
767 1689 908 1767 quodam
924 1709 1031 1762 sensu,
1046 1693 1121 1753 sine

98 1775 165 1845 ulli
181 1784 251 1836 arte
267 1784 325 1835 aut
340 1775 477 1846 ratione,
492 1793 564 1853 quae
589 1775 653 1834 sint
677 1774 711 1834 in
729 1773 856 1834 artibus
871 1793 911 1834 ac
934 1774 1121 1836 rationibus

99 1866 189 1919 recta
205 1879 245 1921 ac
267 1848 381 1940 pra'va,
393 1850 590 1937 dijudicant:
613 1857 709 1936 idque
725 1859 800 1919 curn
814 1857 941 1919 faciunt
956 1859 990 1918 in
1012 1860 1119 1939 pietu·
1183 1888 1190 1901 ,
1209 1908 1213 1929 ,

99 1943 151 2016 rie,
168 1950 201 2003 et
224 1944 257 2004 in
273 1945 383 2022 signis
398 1952 432 2004 et
456 1944 490 2004 in
505 1943 579 2003 aliis
594 1941 756 2022 operibus
772 1941 813 2002 ad
838 1961 974 2021 quorum
997 1943 1119 2003 intelli·

99 2029 246 2104 gentiam
258 2048 279 2087 a
290 2028 407 2088 naturd
421 2029 529 2087 minus
541 2026 663 2087 habent
678 2028 903 2097 instrumenti3
926 2037 997 2091 tum
1011 2027 1120 2089 multo
1130 2066 1144 2106 ς,
1169 2068 1180 2077 -

99 2109 274 2172 ostendunt
295 2110 403 2189 magis
426 2112 458 2171 in
484 2109 668 2181 verborum,
691 2129 910 2181 numerorum,
933 2131 1119 2191 vocumque

101 2194 247 2273 judicio;
269 2194 354 2274 quod
377 2214 419 2256 ea
434 2204 509 2255 sunt
532 2195 565 2255 in
581 2194 808 2256 communibus
832 2195 936 2256 infixa
958 2197 1119 2270 sensibus,

99 2298 203 2357 neque
227 2298 341 2339 earum
356 2299 466 2340 rerum
489 2297 687 2359 quemquam
701 2279 846 2340 funditus
869 2288 990 2340 natura
1010 2281 1119 2344 voluit

100 2383 170 2424 esse
197 2372 372 2443 expertem.
417 2362 531 2442 ltaque
557 2383 621 2423 non
647 2363 750 2424 solum
774 2364 882 2424 verbis
905 2374 975 2425 arte
1001 2367 1119 2445 positis

99 2458 272 2509 moventur
281 2467 402 2520 omnes
412 2450 525 2509 verum
535 2449 637 2509 etiam
646 2449 789 2509 numeris
799 2468 839 2509 ac
850 2448 993 2510 vocibus
1027 2449 1118 2524 Quo-
1212 2484 1213 2503 1

99 2541 153 2594 tus
169 2533 256 2594 enim
274 2534 409 2612 quisque
425 2544 483 2602 est,
499 2533 554 2612 qui
577 2541 691 2592 teneat
713 2540 819 2593 artem
842 2551 1051 2594 numerorum
1075 2554 1118 2595 ac

99 2615 289 2679 modoruml
328 2618 372 2679 At
387 2617 421 2678 in
443 2616 493 2677 his
509 2618 536 2678 si
558 2616 695 2696 paulurn
710 2615 806 2676 modo
828 2615 990 2678 offensum
1005 2627 1064 2689 est,
1080 2627 1119 2680 ut

99 2710 158 2762 aut
173 2703 394 2764 contractione
410 2701 540 2762 brevius
555 2699 657 2772 fieret,
673 2708 731 2760 aut
752 2700 961 2780 productione
977 2701 1119 2779 longius,

99 2784 231 2846 theatra
244 2793 315 2845 tota
329 2786 519 2848 reclamant.
564 2781 674 2859 Quid?
701 2781 762 2845 hoc
777 2804 841 2845 non
857 2784 944 2847 idem
960 2784 996 2846 fit
1011 2787 1045 2846 in
1063 2806 1118 2848 vo·

100 2868 201 2940 cibus
216 2876 253 2929 ut
268 2888 290 2928 a
304 2869 511 2930 multitudine
528 2876 561 2929 et
575 2869 704 2948 populo,
719 2888 782 2928 non
798 2868 894 2929 modb
909 2879 1051 2931 catervae
1067 2878 1117 2931 at·
1147 2857 1154 2870 ’
1212 2912 1213 2917 1

99 2972 161 3031 que
177 2961 363 3022 concentus,
378 2951 434 3013 sed
454 2953 554 3013 etiam
577 2953 639 3033 ipsi
654 2952 717 3014 sibi
739 2953 861 3032 singuli
882 2953 1119 3036 discrepantes

100 3033 294 3114 ejiciantur?

142 3119 192 3182 Ll.
220 3118 373 3183 Mirabile
390 3129 448 3193 est,
463 3120 537 3182 oum
559 3120 737 3200 plurimum
758 3122 793 3182 in
814 3119 965 3182 faciendo
987 3123 1117 3186 intersit

98 3206 184 3266 inter
199 3204 330 3267 doctum
345 3215 377 3267 et
393 3203 517 3277 rudem,
532 3205 629 3284 quam
643 3225 708 3266 non
723 3206 862 3266 multum
873 3204 1004 3267 differat
1019 3208 1054 3268 in
1063 3209 1117 3286 Ju-

99 3289 246 3351 dicando.
291 3290 355 3353 Ars
370 3291 554 3363 enimcum
569 3309 591 3349 a
605 3290 724 3351 naturai
745 3289 894 3370 profecta
908 3291 959 3362 sit,
973 3292 1036 3352 nisi
1059 3312 1117 3354 ua·

98 3382 174 3434 tura
199 3383 331 3436 moveat
357 3395 397 3436 ac
427 3374 576 3446 delectet,
601 3373 682 3436 nihil
712 3374 791 3434 sane
817 3376 922 3452 egisse
952 3374 1115 3438 videatur.

99 3455 189 3519 Nihil
205 3467 254 3518 est
277 3468 390 3520 autem
411 3468 480 3520 tam
495 3468 674 3536 cognatum
689 3457 852 3520 mentibus
874 3460 1001 3528 nostris,
1017 3460 1118 3539 quim

98 3542 226 3602 numeri
238 3550 337 3620 atque
350 3563 462 3613 voces3
484 3544 601 3619 quibus
611 3552 644 3605 et
656 3544 846 3614 excitamur,
858 3552 891 3604 et
903 3544 1117 3618 incendimur,

99 3634 131 3684 et
155 3625 304 3696 lenimur,
328 3633 361 3686 et
383 3626 636 3702 languescimus
659 3636 692 3688 et
716 3626 757 3687 ad
782 3627 994 3701 hilaritatem,
1016 3639 1049 3689 et
1073 3629 1118 3692 ad

9 3776 10 3783 ἵ
98 3708 275 3778 tristitiam,
287 3708 372 3787 saepe
388 3707 596 3771 deducimur:
619 3731 757 3789 quorum
771 3711 830 3772 illa
841 3732 970 3773 summa
982 3713 1032 3774 vis
1045 3733 1117 3776 car·

99 3787 241 3850 minibus
263 3801 311 3848 est
333 3791 442 3871 aptior
463 3800 496 3851 et
519 3793 681 3865 cantibus,
704 3798 769 3855 non
791 3796 953 3873 neglecta,
975 3806 1012 3861 ut
1035 3796 1118 3862 mihi
