2434 4286
127 357 190 416 102
387 368 427 411 oe
448 366 590 412 canrosa
612 368 884 414 enneacrunos.

123 523 189 583 sita
211 527 270 591 est,
295 519 487 599 suscipiunt,
508 518 549 580 de
572 518 637 599 qut
659 520 789 601 copiose
810 529 843 581 et
868 518 1078 584 abundanter
1099 520 1152 585 lo·

146 616 275 667 uantur.
671 635 674 641 ·

123 626 143 687 q
165 688 315 752 XXXVI.
339 687 426 749 Tum
440 687 589 759 Catulus,
612 686 682 760 Est,
705 689 820 768 inquit,
841 698 879 750 ut
902 689 992 764 dicis
1008 691 1150 763 Antoni,

122 783 160 836 ut
176 776 322 856 plerique
338 771 523 853 philosophi
546 773 639 834 nulla
662 774 796 835 tradant
818 784 985 857 praecepta
1004 775 1151 848 dicendi,

123 870 156 921 et
172 858 318 920 habeant
341 868 496 938 paratum
519 866 641 929 tamen,
663 857 795 937 quidde
811 859 937 938 quaque
962 880 997 920 re
1019 859 1149 922 dicant.

122 943 188 1007 Sed
204 943 399 1005 Aristoteles
416 943 466 1022 (is,
480 961 578 1021 quern
602 943 745 1004 maxime
769 963 832 1022 ego
857 943 1013 1022 admiror)
1029 963 1151 1024 propo·

122 1032 187 1091 suit
202 1027 361 1107 quosdam
376 1027 472 1097 locos,
488 1027 658 1106 exquibus
673 1028 778 1088 omnis
793 1030 980 1106 argumenti
997 1030 1062 1100 via,
1079 1033 1167 1090 non'

121 1113 218 1177 modo
242 1112 285 1173 ad
308 1109 575 1193 philosophorum
598 1112 864 1191 disputationem,
888 1113 946 1174 sed
972 1114 1073 1174 etiam
1101 1112 1151 1175 ad

121 1198 218 1268 hanc,
233 1197 297 1276 quit
321 1198 354 1257 in
378 1197 487 1256 causis
503 1197 635 1268 utimur,
652 1197 872 1258 inveniretur:
895 1217 917 1259 a
932 1218 995 1276 quo
1011 1198 1150 1278 quidem

121 1281 253 1343 homine
265 1279 471 1359 jamdudum,
487 1280 619 1352 Antoni,
634 1301 698 1341 non
711 1280 845 1342 aberrat
860 1284 966 1343 oratio
981 1291 1049 1354 tua,
1071 1283 1149 1344 sive

121 1378 158 1428 tu
184 1364 396 1428 similitudine
422 1365 510 1426 illius
532 1364 635 1426 divini
659 1365 782 1442 ingenii
807 1366 840 1426 in
865 1365 983 1428 eadem
1004 1369 1149 1429 incurris
1213 1422 1214 1425 ,

121 1452 272 1530 vestigia,
287 1452 356 1511 sive
372 1451 474 1511 etiam
489 1448 548 1510 illa
563 1451 636 1529 ipsa
650 1450 759 1526 legisti
772 1459 871 1529 atque
883 1450 1041 1523 didicisti;
1056 1452 1150 1531 quod

121 1536 254 1615 quidem
268 1534 376 1612 magis
390 1535 568 1595 verisimile
584 1534 722 1609 uidetur.
768 1534 846 1596 Plus
867 1537 956 1596 enim
979 1546 1012 1597 te
1034 1556 1149 1615 operae

121 1620 246 1682 Graecis
260 1619 386 1681 dedisse
402 1617 500 1679 rebus
515 1618 621 1689 video,
633 1620 730 1696 quain
743 1620 945 1698 putaramus
979 1620 1066 1681 Tum
1078 1621 1149 1694 ilie,

121 1703 256 1777 Verum,
271 1705 385 1782 inquit,
400 1722 441 1763 ex
457 1722 509 1763 me
526 1702 650 1773 audies,
674 1701 814 1764 Catule:
837 1707 967 1785 semper
981 1724 1043 1781 ego
1059 1707 1148 1766 exis·
1214 1776 1215 1783 ἵ

122 1791 249 1861 timavi,
265 1788 495 1867 jucundiorem
518 1795 551 1848 et
575 1786 828 1867 probabiliorem
844 1788 920 1849 huic
935 1790 1056 1870 populo
1070 1809 1148 1850 ora·

123 1882 228 1935 torem
244 1872 323 1944 sore,
338 1873 403 1952 qui,
418 1872 569 1952 primum,
585 1872 682 1950 quam
700 1873 870 1934 minimam
882 1873 1015 1934 artificii
1038 1874 1147 1935 alicu-

122 1959 188 2036 juS,
211 1956 328 2029 deinde
354 1957 481 2018 nullam
506 1955 698 2018 Graecarum
724 1976 842 2029 rerum,
868 1957 1148 2035 significationem

122 2041 226 2103 daret.
271 2042 379 2120 Atque
404 2061 466 2119 ego
491 2040 577 2101 idem
602 2041 798 2112 existimavi,
814 2041 949 2123 pecudis
972 2062 1053 2114 esse,
1076 2063 1147 2105 non

121 2124 270 2198 hominis,
283 2128 357 2187 clim
368 2135 480 2186 tantas
493 2144 545 2186 res
557 2124 663 2187 Graelci
676 2127 890 2205 susciperent,
902 2125 1147 2207 profiterenlur,

122 2220 270 2288 agerent,
293 2228 430 2289 seseque
453 2218 486 2270 et
509 2209 642 2271 videndi
657 2230 710 2271 res
725 2208 981 2282 obscurissimas,
1003 2221 1036 2273 et
1059 2211 1147 2273 bene

122 2294 264 2366 vivendi,
279 2304 312 2356 et
327 2294 456 2375 copiose
472 2293 601 2355 dicendi
621 2295 782 2356 rationem
806 2295 993 2356 hominibus
1009 2294 1147 2357 daturos

121 2379 364 2460 pollicerentur,
380 2398 443 2440 non
460 2378 636 2439 admovere
659 2398 783 2451 aurem,
799 2389 842 2450 et,
856 2382 884 2441 si
900 2380 1010 2459 palam
1026 2381 1144 2443 audire

122 2484 178 2526 eos
193 2484 259 2526 non
275 2461 423 2534 auderes
438 2483 479 2524 ne
495 2465 660 2525 minueres
675 2463 764 2544 apud
778 2473 852 2525 tuos
865 2465 954 2525 cives
966 2466 1146 2526 auctorita·

121 2558 190 2611 tem
205 2558 308 2620 tuam,
323 2547 602 2610 subauscultando
614 2558 725 2609 tamen
739 2549 890 2628 excipere
903 2569 1002 2609 voces
1017 2569 1145 2621 eorum,

122 2644 156 2695 et
170 2633 293 2715 procul,
305 2633 382 2713 quid
397 2640 579 2702 narrarent,
591 2631 760 2697 attendere
774 2652 781 2691 ε
804 2634 917 2712 itaque
929 2632 1002 2705 feci,
1014 2632 1145 2706 Catule,

122 2728 155 2780 et
179 2721 315 2780 istorum
339 2717 485 2779 omnium
509 2718 699 2778 summatim
722 2736 841 2778 causas
867 2728 900 2778 et
922 2737 1047 2795 genera
1068 2719 1146 2799 ipsa

122 2803 265 2881 gustavi.

165 2885 333 2948 XXXVII.
360 2885 478 2956 Valde,
492 2884 635 2960 hercule,
650 2885 754 2965 inquit
770 2884 917 2957 Catulus,
932 2885 1054 2959 timide,
1068 2895 1144 2949 tan·

122 2990 222 3049 quam
239 2969 281 3030 ad
297 2969 441 3049 aliquem
456 2968 600 3031 libidinis
615 2952 796 3050 scopulum,
818 2972 864 3032 sic
888 2980 982 3031 tuam
997 2981 1145 3035 mentem

124 3055 165 3122 ad
181 3052 422 3135 philosophiam
437 3054 604 3136 appulisti,
616 3053 798 3133 quam-haec
810 3057 929 3117 civitas
943 3056 1147 3137 adspernata

122 3159 293 3218 nunquam
308 3150 367 3201 est.
411 3137 501 3201 Nam
517 3149 550 3200 et
566 3138 689 3200 referta
713 3140 878 3219 quondam
901 3137 999 3200 Italia
1023 3139 1146 3222 Pytha·

123 3243 298 3302 goreorum
312 3223 384 3295 fuit,
399 3233 479 3297 tum,
495 3225 570 3285 citm
585 3234 658 3285 erat
674 3225 708 3284 in
723 3222 786 3285 hac
809 3234 908 3301 gente
933 3222 1062 3302 Magna
1084 3226 1146 3288 illa

123 3307 276 3370 Graecia:
299 3328 340 3370 ex
355 3328 418 3389 quo
434 3310 538 3370 etiam
553 3307 686 3388 quidam
702 3307 849 3370 Numam
872 3308 1079 3387 Pompilium,
1094 3330 1145 3372 re-

124 3412 200 3470 gem
226 3402 382 3465 nostrum,
405 3393 505 3454 fuisse
532 3392 776 3474 Pythagoreum
803 3393 934 3464 ferunt3
965 3395 1020 3471 qui
1047 3396 1146 3455 anuis

123 3478 295 3557 permultis
318 3478 394 3538 ante
411 3477 483 3549 fuit,
497 3478 595 3557 quam
618 3479 687 3559 ipse
713 3474 939 3558 Pythagoras:
961 3477 1146 3557 quinetiam

124 3562 234 3637 major
244 3563 295 3622 vir
309 3560 480 3622 habendus
495 3571 554 3631 est,
569 3564 644 3622 oiim
659 3563 750 3623 illam
765 3564 963 3642 sapientiam
988 3565 1146 3626 constitu·

125 3645 217 3705 endae
232 3646 378 3707 civitatis
393 3636 519 3707 duobus
530 3647 629 3727 prope
641 3647 769 3708 saeculis
781 3657 858 3707 ante
871 3648 1034 3725 cognovit,
1045 3648 1147 3726 quam

125 3746 200 3788 eam
224 3728 332 3791 Graeci
354 3738 470 3789 natam
494 3748 565 3790 esse
589 3739 769 3792 senserunt.
814 3728 860 3793 Et
883 3731 972 3792 certe
988 3751 1053 3792 non
1067 3732 1147 3795 tulit

127 3810 209 3873 ullos
233 3812 303 3875 haec
327 3814 445 3875 civitas
468 3822 527 3876 aut
550 3813 653 3893 gloria
673 3815 839 3888 clariores,
862 3824 922 3877 aut
944 3818 1146 3881 auctoritate
