2452 4290
118 363 160 421 ⁶2
419 377 458 417 ua
479 375 619 416 canrosa
641 375 726 414 arsen
750 372 868 414 ruimus.

120 524 272 586 arborum
287 522 414 603 putatio
436 543 476 583 ac
498 522 625 592 vitium,
640 541 704 599 quo
718 529 863 600 tempore
880 521 968 590 anni,
990 527 1049 579 aut
1074 539 1147 598 quo

119 608 214 670 modo
230 627 272 668 ea
287 608 378 679 liant,
393 605 524 669 omnino
538 606 675 667 nesciat.
719 604 809 665 Num
830 606 938 682 igitur,
954 605 980 664 si
996 605 1050 664 cui
1067 604 1147 666 fun·

120 692 180 753 dus
195 691 423 771 inspiciendus
439 699 497 751 aut
512 691 540 750 si
554 688 777 750 mandandum
792 689 917 768 aliquid
931 691 1149 770 procuratori

120 776 161 838 de
191 774 400 853 agricultura,
426 784 484 835 aut
514 772 742 855 imperandum
756 773 878 833 villico
904 774 955 845 sit,
981 771 1149 851 Magonis

121 859 401 937 Carthaginiensis
417 867 492 919 sunt
507 858 581 919 libri
603 854 831 938 perdiscendi?
855 876 898 918 an
914 856 977 917 hac
992 877 1149 919 commu-

121 945 156 1004 ni
171 944 387 1021 intelligentia
402 943 548 1004 contenti
562 961 633 1002 esse
648 938 844 1023 possumusl
879 939 946 1001 Cur
971 960 1049 1019 ergo
1072 960 1149 1004 non

122 1028 222 1089 iidem
232 1029 266 1088 in
277 1029 351 1106 jure
368 1027 467 1097 civili,
481 1026 662 1107 praesertim
677 1026 752 1086 crim
767 1027 801 1086 iu
817 1026 927 1086 causis
942 1034 975 1086 et
990 1027 1025 1086 in
1040 1047 1149 1104 nego·

122 1114 176 1173 tiis
191 1121 224 1173 et
240 1114 273 1172 in
288 1111 358 1172 foro
373 1119 588 1181 conteramur,
606 1108 687 1170 satis
709 1110 856 1171 instructi
879 1129 950 1170 esse
966 1129 1149 1190 possumus

122 1196 166 1256 ad
180 1196 242 1257 hoc
257 1194 428 1266 duntaxat,
443 1214 484 1255 ne
500 1196 534 1255 in
548 1193 658 1254 nostra
672 1193 781 1273 patrici
790 1194 956 1274 peregrini
968 1202 1066 1272 atque
1084 1194 1148 1255 ad·
1217 1242 1218 1246 ,

122 1299 216 1340 venae
232 1299 303 1340 esse
318 1278 490 1340 videamur
503 1301 510 1350 ;
534 1279 583 1339 Ac
598 1280 626 1339 si
637 1278 709 1356 jam
724 1278 765 1338 sit
781 1297 883 1339 causa
899 1277 1010 1356 aliqua
1025 1277 1068 1338 ad
1080 1298 1149 1339 uos

122 1364 234 1425 delata
248 1362 424 1435 obscurior,
446 1361 577 1424 difficile
594 1361 720 1441 (credo)
736 1363 786 1434 sit,
809 1358 885 1422 cum
906 1359 968 1422 hoc
991 1360 1150 1423 Scaevold
1217 1376 1218 1379 ’

123 1448 365 1509 communicare
378 1469 385 1519 ;
409 1452 596 1526 quanquam
612 1448 675 1527 ipsi
689 1447 810 1518 omnia,
821 1464 959 1526 quorum
969 1447 1149 1523 negotium

123 1541 181 1603 est,
197 1532 347 1593 consulta
362 1530 405 1592 ad
419 1550 479 1593 nos
494 1540 527 1592 et
543 1532 706 1610 exquisita
727 1530 888 1592 deferunt.
934 1531 987 1591 An
1009 1530 1089 1591 vero
1112 1533 1148 1593 si

123 1615 162 1676 de
178 1636 213 1676 re
228 1616 309 1696 ipsa,
323 1617 350 1676 si
365 1615 405 1675 de
421 1614 550 1686 finibus,
565 1617 639 1675 cum
655 1616 689 1675 in
704 1634 773 1675 rem
794 1623 987 1695 praescntem
1002 1633 1068 1675 non
1083 1635 1147 1677 ve·

123 1701 240 1770 nimus
257 1700 285 1759 si
300 1698 340 1759 de
356 1697 478 1761 tabulis
493 1707 526 1759 et
541 1699 831 1783 perscriptionibus
844 1700 1067 1761 controversia
1080 1708 1148 1772 est,

124 1793 289 1844 contortas
304 1800 356 1844 res
371 1791 403 1842 et
420 1782 505 1862 saepe
521 1781 670 1844 difficiles
693 1783 878 1845 necessario
903 1783 1119 1864 perdiscimus
1136 1806 1146 1856 ;

124 1869 152 1927 si
168 1868 259 1945 leges
274 1866 376 1939 nobie,
391 1875 450 1927 aut
465 1867 493 1926 si
508 1866 675 1927 hominum
697 1869 876 1947 peritorum
891 1886 1049 1946 responsa
1063 1887 1147 1945 cog-

124 1951 290 2013 noscenda
312 1959 396 2022 sunt,
410 1970 573 2022 veremur,
588 1970 629 2011 ne
645 1972 696 2023 ea,
718 1952 745 2012 si
768 1951 810 2012 ab
834 1952 1053 2013 adolescentis
1070 1953 1148 2030 juri

104 2050 108 2055 ·
124 2035 213 2097 civili
228 2036 336 2096 minus
351 2035 579 2107 studuerimus
593 2055 658 2096 non
673 2055 832 2114 queamus
847 2032 1066 2113 cognoscere?

168 2118 250 2180 LIX.
274 2118 408 2180 Nihilne
424 2121 524 2197 igitur
538 2119 669 2200 prodest
684 2120 806 2180 oratori
816 2121 900 2198 juris
915 2121 1022 2181 civilis
1036 2121 1148 2182 scien·

125 2200 196 2263 ttat
221 2201 296 2263 Non
318 2222 451 2282 possum
474 2223 596 2280 negare
621 2202 773 2284 prodesse
789 2204 892 2265 ullam
908 2205 1089 2276 scientiam,
1109 2207 1147 2268 ei

125 2287 314 2367 praesertim,
339 2288 432 2365 cujus
458 2288 645 2366 eloquentia
668 2288 762 2367 copiti
787 2307 896 2349 rerum
922 2287 1042 2350 debeat
1068 2309 1146 2352 esse

124 2381 259 2432 ornata:
283 2370 340 2431 sed
354 2369 468 2442 multa,
483 2380 517 2431 et
531 2391 664 2448 magna,
679 2381 712 2432 et
728 2371 876 2434 difficilia
897 2380 972 2433 sunt
994 2393 1044 2445 ea,
1066 2393 1146 2453 quae

125 2463 200 2515 sunt
216 2455 337 2515 oratori
352 2456 549 2526 necessaria,
565 2464 601 2516 ut
617 2457 689 2534 ejus
704 2455 899 2518 industriam
915 2458 948 2517 in
963 2457 1059 2536 plura
1074 2467 1145 2519 stu·

45 2604 49 2611 ⁵
125 2538 180 2600 dia
195 2537 375 2600 distrahere
391 2539 501 2600 nolim.
535 2539 753 2621 'Quis'neget
769 2560 850 2621 opus
865 2561 937 2603 esse
953 2543 1083 2614 oratori,
1107 2544 1146 2604 in

125 2621 185 2684 hoc
202 2625 344 2685 oratorio
358 2632 450 2684 motu
473 2632 636 2703 statuque,
658 2623 768 2687 Roscii
790 2634 921 2702 gestum
936 2634 969 2687 et
985 2635 1145 2688 venusta-

124 2704 215 2766 teml
239 2716 351 2768 tamen
366 2726 462 2769 nemo
478 2710 618 2770 suaserit
634 2707 786 2770 studiosis
806 2709 934 2771 dicendi
952 2710 1145 2773 adolescen-

125 2790 222 2862 tibus,
251 2792 282 2851 in
315 2800 409 2868 gestu
440 2791 594 2854 discendo
623 2792 816 2855 histrionum
842 2813 931 2855 more
958 2794 1143 2857 elaborare.

125 2873 215 2949 Quid
239 2883 288 2936 est
312 2877 434 2938 oratori
448 2886 518 2938 tam
542 2878 774 2950 necessarium,
794 2879 891 2957 quam
905 2876 994 2939 voxl
1018 2887 1145 2953 tamen,

125 2979 177 3019 me
195 2968 338 3031 auctore,
353 2979 450 3021 nemo
464 2960 594 3022 dicendi
609 2960 781 3034 studiosus,
795 2961 986 3025 Graecoruru
1000 2982 1090 3025 more
1107 2973 1144 3026 et

125 3042 355 3120 tragoedorum,
382 3045 454 3104 voci
478 3047 607 3118 serviet,
629 3047 685 3125 qui
707 3055 740 3107 et
762 3066 865 3108 annos
886 3048 1070 3127 complures
1092 3068 1130 3110 sc

125 3127 238 3187 dentes
261 3126 484 3201 declamitant,
500 3138 533 3190 et
548 3130 700 3208 quotidie,
722 3140 901 3210 antequam
922 3132 1144 3213 pronuntient,

124 3231 242 3272 vocem
255 3211 414 3273 cubantes
429 3214 550 3275 sensim
572 3216 726 3286 excitant,
741 3216 954 3295 eandemque,
970 3217 1044 3277 cum
1066 3237 1144 3295 ege-

123 3306 208 3367 runt,
224 3295 374 3358 sedentes
389 3297 432 3358 ab
448 3298 636 3360 acutissimo
652 3318 731 3359 sono
741 3318 843 3378 usque
856 3299 899 3361 ad
910 3301 1142 3378 gravissimum

125 3399 240 3440 sonum
254 3382 425 3462 recipiunt,
441 3392 474 3443 et
490 3383 584 3460 quasi
599 3382 741 3462 quodam
756 3383 852 3445 modo
865 3385 1032 3462 colligunt.
1067 3385 1143 3450 Hoc

125 3484 184 3524 nos
210 3466 238 3525 si
263 3463 374 3526 facere
398 3467 547 3538 velimus,
572 3468 648 3527 ante
668 3468 926 3530 condemnentur
947 3471 980 3540 ii,
1004 3489 1142 3549 quorum

125 3567 244 3609 causas
259 3551 489 3628 receperimus,
511 3548 608 3630 quam
632 3553 737 3624 totieS,
762 3554 889 3632 quoties
912 3552 1143 3635 praescribitur,

67 3700 73 3710 ⁶
124 3651 274 3711 paeanem
296 3641 355 3692 aut
373 3628 591 3718 [munionem]
609 3635 787 3698 citarimus.
832 3636 930 3713 Quod
946 3641 1019 3700 siin
1034 3649 1142 3717 gestu,

124 3717 179 3794 qui
208 3717 349 3776 multum
378 3726 542 3779 oratorem
568 3720 715 3798 adjuvat,
742 3731 775 3784 et
800 3722 834 3783 in
860 3743 952 3795 voce,
974 3741 1046 3801 quae
1072 3742 1142 3785 una

109 3799 267 3859 ‘maxime
292 3800 514 3877 eloquentiam
531 3805 583 3864 rel
599 3806 807 3874 commendat
832 3807 884 3867 vel
910 3808 1058 3879 sustinet,
1072 3808 1140 3869 ela-
