2434 4286
108 360 152 418 84
370 374 410 417 nu
431 374 573 416 ourroau
594 375 684 416 amau
704 376 866 419 euouuous.

107 524 245 586 lentiam
266 506 494 585 deducendum
509 521 593 602 est);
615 524 672 602 qui
693 532 862 605 tanquam,
881 525 1128 589 mauhInatioue
1201 526 1202 539 ¹

107 609 227 688 aliqud,
242 618 313 669 tum
329 605 371 668 ad
389 609 610 679 severitatem,
625 618 696 669 tum
712 607 755 668 ad
776 611 1001 672 remissionem
1015 613 1128 685 animi,

106 702 179 755 tum
194 693 236 754 ad
258 693 436 763 tristitiam,
451 702 522 754 tum
545 692 587 753 ad
609 692 769 764 laetitiam,
784 704 834 754 est
856 696 1127 774 contorquendus,
1201 696 1202 755 ἒ

105 776 264 840 Omnium
299 779 536 839 sententiarum
570 779 745 855 gravitate,
775 779 920 845 omnium
951 781 1129 843 verborum

107 863 313 943 ponderibus,
329 870 378 923 est
401 860 569 923 utendum.
614 861 761 923 Accedat
775 873 904 941 oportet
919 866 1007 927 aetio
1022 867 1129 938 varia,

107 946 295 1018 vehemens
320 947 420 1028 plena
446 946 558 1017 animi
582 946 682 1026 plena
707 948 847 1027 spiritis,
872 949 973 1027 plena
998 949 1129 1021 doloriS,

107 1033 207 1114 plena
232 1032 391 1092 veritatis
436 1030 472 1092 In
498 1029 549 1091 his
576 1029 729 1110 operibus
754 1032 782 1092 si
808 1035 880 1110 quis
903 1033 996 1093 illam
1020 1043 1129 1095 artem

108 1115 400 1196 comprehenderit,
415 1124 462 1186 ut,
476 1123 637 1193 tanquam
659 1113 799 1187 Phidias,
820 1115 980 1179 Minervae
996 1120 1129 1196 signum

109 1201 237 1263 efficere
250 1202 371 1280 possit;
394 1220 458 1261 non
473 1199 562 1271 sane,
574 1199 848 1278 quemadmodum
863 1202 897 1262 in
913 1201 1029 1282 clypeo
1040 1201 1130 1264 idem
1201 1232 1202 1235 ¹

108 1287 163 1348 ille
180 1286 299 1346 artifex
315 1287 443 1346 minora
457 1284 517 1345 illa
532 1302 633 1366 opera
646 1282 758 1346 faeere
774 1284 889 1358 diseat,
904 1285 1078 1346 laborabit.

150 1368 265 1432 XVIII.
289 1369 376 1430 Tum
386 1368 542 1430 Catulus:
565 1367 642 1443 Quo
653 1368 717 1428 ista
732 1371 861 1448 majora
872 1389 913 1431 ae
924 1370 1130 1431 mirabiliora

108 1454 224 1527 ieoisti,
235 1454 275 1515 ed
291 1474 343 1535 me
359 1456 464 1532 major
478 1453 664 1533 expectatio
672 1452 775 1525 tenet,
784 1453 980 1533 quibusnam
995 1456 1129 1517 rationi-

108 1540 178 1609 bus„
193 1540 353 1619 quibusve
377 1539 549 1620 praeeeptis
565 1557 606 1597 ea
629 1544 724 1597 tanta
739 1539 789 1598 vis
811 1550 1039 1618 comparetur:
1062 1560 1131 1602 non
1201 1574 1202 1609 3

106 1624 173 1703 qud
188 1644 264 1685 mea
279 1622 410 1702 quidem
428 1624 500 1700 jam
516 1623 643 1682 Intersit
660 1622 779 1701 (neque
795 1624 884 1683 enim
898 1632 981 1684 aetas
1003 1624 1036 1685 id
1051 1644 1131 1685 mea
1201 1624 1202 1671 ἶ

109 1707 282 1778 desiderat,
294 1716 327 1767 et
343 1706 433 1767 aliud
448 1705 610 1785 quoddam
624 1724 728 1784 genus
742 1706 872 1768 dicendi
887 1727 944 1767 nos
956 1710 1060 1770 secuti
1076 1728 1130 1770 su·
1201 1722 1202 1757 ῑ

108 1813 191 1863 mus,
214 1792 270 1872 qui
291 1810 460 1871 nunquam
482 1792 663 1852 sententIas
686 1788 726 1851 de
749 1790 900 1852 manibus
921 1793 1072 1869 judicum
1095 1794 1131 1855 vi

109 1878 250 1957 quadam
265 1877 421 1938 orationis
443 1876 646 1945 extorsimus
661 1894 701 1935 ao
724 1876 832 1954 potins
853 1876 995 1956 placatis
1017 1895 1131 1939 eorum

110 1963 239 2032 animis
253 1970 393 2033 tantum,
408 1969 568 2040 quantum
583 1960 645 2040 ipsi
667 1959 888 2038 patiebantur,
903 1962 1106 2040 accepimus)
1121 1984 1130 2034 ;
1201 1960 1202 2011 ἓ

109 2047 167 2107 sed
180 2055 293 2107 tamen
310 2046 375 2106 ista
389 2055 458 2117 tua,
469 2042 596 2106 nullum
612 2043 655 2104 ad
671 2062 766 2105 usum
778 2063 897 2116 meum,
908 2046 1038 2106 tantum
1054 2064 1130 2124 cog<-

110 2130 264 2191 noseendi
286 2129 394 2190 studio
410 2127 580 2199 adductus,
595 2128 731 2207 requiro.
776 2127 849 2190 Nee
873 2129 951 2191 mibi
976 2149 1057 2209 opus
1079 2139 1133 2191 est

109 2214 225 2276 Graeco
241 2214 352 2292 aliquo
366 2214 508 2283 doctore,
519 2215 575 2291 qui
590 2212 669 2274 mihi
685 2213 883 2292 pervulgata
897 2223 1064 2293 praeeepta
1075 2213 1132 2276 de-

110 2307 233 2369 eautet,
248 2300 324 2359 oiim
338 2299 408 2378 ipse
424 2316 593 2377 nunquam
608 2298 723 2368 forum,
739 2308 908 2376 uunquam
923 2299 1026 2359 ullum
1043 2298 1132 2377 judi·

15 2394 16 2397 ’
111 2385 199 2445 oium
215 2382 423 2463 adspexerit3
444 2390 481 2443 ut
496 2382 731 2462 peripateticus
752 2381 808 2442 ille
824 2380 944 2444 dicitur
958 2381 1132 2455 Phormi03

111 2469 187 2528 oiim
202 2467 382 2538 Hannibal,
399 2465 599 2544 Carthagine
615 2466 779 2546 expulsus
794 2464 963 2547 Ephesum
979 2467 1022 2527 ad
1038 2468 1132 2528 Anti·

110 2552 230 2613 ochum
245 2553 389 2613 venisset
411 2551 514 2622 exsul,
529 2570 652 2631 proque
667 2549 815 2628 eoquod
838 2552 909 2629 ejus
925 2571 1043 2612 nomen
1059 2561 1133 2613 erat

111 2638 233 2715 magud
248 2635 336 2717 apud
351 2655 464 2697 omnes
479 2636 590 2713 gloria,
605 2636 765 2695 invitatus
780 2645 867 2696 esset
883 2636 927 2697 ab
949 2635 1132 2715 hospitibus

111 2723 188 2792 suia,
203 2730 239 2782 ut
263 2741 348 2792 eum,
362 2740 461 2800 quem
482 2720 558 2791 dlxi,
580 2721 608 2781 si
631 2719 740 2789 uellet,
758 2718 910 2792 audiret;
934 2722 1073 2798 eumque
1095 2736 1132 2782 se

112 2825 176 2866 non
199 2805 284 2866 nolle
300 2804 454 2875 dixisset3
477 2805 607 2865 loeutus
625 2824 696 2865 esse
719 2804 839 2865 dieitur
862 2802 959 2866 homo
981 2806 1133 2884 copiosus

112 2890 236 2969 aliquot
259 2888 356 2949 horas
371 2888 411 2949 de
434 2890 641 2969 Imperatoris
656 2886 772 2960 officio,
787 2898 820 2949 et
836 2888 877 2950 de
892 2890 981 2950 omni
998 2908 1033 2950 re
1047 2889 1132 2950 mili-

111 2974 185 3036 tari.
229 2972 325 3044 Tum,
341 2973 417 3033 oiim
439 2974 559 3044 catari,
572 2974 629 3053 qui
651 2973 744 3034 illum
759 2972 942 3045 audierant,
957 2971 1133 3035 veliemen-

111 3067 163 3121 ter
178 3065 288 3119 essent
303 3057 469 3130 delectati,
483 3057 676 3136 quaerebant
698 3057 742 3119 ab
760 3056 961 3128 HannIbale,
975 3057 1134 3137 quidnam

112 3145 182 3224 ipse
197 3142 237 3203 de
253 3142 310 3203 illo
331 3141 523 3223 philosopho
542 3142 716 3220 Judiearet.
761 3141 826 3205 Hie
850 3143 979 3215 PoenuS,
998 3162 1062 3203 non
1078 3162 1133 3223 op·

112 3229 191 3290 time
206 3226 331 3298 Graes,
343 3226 400 3288 sed
414 3237 528 3289 tamen
544 3226 655 3297 libere,
667 3227 870 3307 respondisse
886 3227 998 3299 fertur,
1011 3227 1134 3288 multos

112 3333 147 3374 se
159 3313 282 3374 deliros
293 3331 387 3373 senes
398 3313 484 3393 saepe
497 3311 617 3372 vidisse
629 3333 638 3382 ;
660 3310 726 3383 sed,
737 3313 793 3391 qui
807 3311 915 3390 magis
926 3312 1023 3391 quam
1034 3311 1134 3373 Phor-

15 3468 16 3471 ,
112 3399 179 3458 mio
194 3396 359 3467 deliraret,
374 3396 494 3459 vidisse
513 3397 688 3457 neminem.
733 3396 859 3475 Neque,
874 3396 1072 3466 mehercule,
1088 3398 1134 3458 iu·

115 3482 212 3559 jurii.
256 3480 347 3556 Quid
370 3481 459 3542 enim
481 3490 540 3542 aut
564 3482 772 3558 arrogantius
788 3490 847 3542 aut
871 3481 1041 3559 loquacius
1063 3481 1135 3542 fieri

113 3567 229 3645 potuit,
243 3566 342 3644 quam
364 3563 556 3635 Hanniball,
571 3567 627 3643 qui
648 3574 697 3626 tot
719 3584 822 3628 annos
836 3565 876 3627 de
899 3565 1036 3644 imperio
1058 3585 1135 3627 eum

113 3649 234 3731 populo
248 3648 399 3710 Romano
410 3650 556 3710 omnium
571 3651 719 3726 gentium
732 3651 854 3711 victore
871 3650 1035 3720 certasset,
1046 3648 1135 3711 Grae-
1201 3702 1202 3723 ,

114 3751 190 3794 oum
214 3732 391 3802 hominem,
406 3733 461 3809 qui
487 3751 657 3810 nunquam
680 3731 818 3805 hostem,
833 3752 1002 3812 uunquam
1025 3742 1136 3796 eastra

28 3892 37 3913 ,
115 3815 261 3887 vidisset,
272 3832 442 3893 nunquam
455 3813 596 3894 denique
612 3817 783 3879 minimam
798 3827 928 3899 partem
939 3818 1040 3880 ullius
1054 3819 1135 3902 pub-
