2452 4290
384 321 424 362 un
445 322 586 363 canrosa
606 322 695 364 trena
716 322 836 364 ramos.
1079 307 1122 367 st

99 477 167 534 tate
182 469 334 532 discendi
357 472 483 549 majore
499 488 540 530 ac
562 471 751 542 maturiore,
766 479 800 532 et
821 470 933 534 labore
952 479 1052 551 atque
1074 471 1122 533 in·

101 554 225 616 dustria
239 556 419 635 superiore,
432 557 506 615 cum
521 573 556 615 se
572 554 615 616 ad
631 554 839 627 audiendum,
850 555 1036 635 legendum,
1045 557 1122 617 scri·

100 637 311 717 bendumque
326 638 496 708 dediderit,
511 641 649 700 exsistat
664 639 741 700 talis
756 650 874 711 orator,
890 641 1022 719 qualem
1037 659 1123 719 quae·

14 734 16 789 J
102 723 223 794 rimus;
246 724 303 801 qui
319 724 395 800 jure
410 742 476 783 non
491 720 762 794 solum'disertus,
777 722 834 783 sed
849 726 952 785 etiarn
967 725 1123 804 eloquens

103 806 166 868 dici
188 808 311 887 possit:
333 808 390 885 qui
411 815 534 879 tamen,
549 807 624 868 med
644 808 814 879 sententia,
835 817 893 869 aut
915 807 968 870 hic
983 817 1034 870 est
1050 811 1123 886 jam

104 889 252 960 Crassus,
266 900 335 962 aut,
350 892 378 951 si
394 892 466 969 quis
480 893 554 971 pari
573 890 671 953 suerit
686 893 826 970 ingenio,
841 894 1011 972 pluraque,
1026 894 1124 972 quim

103 973 167 1045 hic,
182 983 216 1035 et
240 975 391 1046 audierit,
406 984 440 1035 et
462 975 627 1046 lectitarit,
642 984 675 1037 et
697 977 872 1057 scripserit,
886 978 1025 1058 paulum
1046 976 1123 1037 huic

105 1057 229 1136 aliquid
244 1060 364 1139 poterit
380 1058 509 1119 addere.
1137 1052 1182 1149 †

146 1140 222 1204 Hoc
246 1143 318 1204 loco
333 1142 508 1223 Sulpicius
523 1141 705 1223 Insperanti
727 1144 816 1216 mihi,
831 1145 945 1224 inquit,
961 1153 994 1205 et
1009 1144 1125 1215 Cottae,

105 1225 162 1288 sed
177 1225 276 1287 valde
292 1228 420 1307 optanti
444 1229 572 1305 utrique
594 1231 749 1300 nostrum,
764 1228 891 1300 cecidit,
905 1237 943 1290 ut
967 1230 1001 1289 in
1024 1231 1123 1290 istum

13 1330 14 1333 ¹
104 1330 300 1382 sermonem,
315 1309 445 1383 Crasse,
459 1310 705 1373 delaberemini.
750 1312 855 1373 Nobis
876 1314 964 1373 enim
986 1312 1051 1373 huc
1070 1334 1124 1374 ve-

104 1394 272 1455 nientibus
286 1395 470 1471 J'ucundum
485 1395 565 1456 satis
580 1395 648 1457 fore
671 1396 855 1465 videbatur,
870 1396 907 1465 si,
922 1397 997 1456 cum
1013 1415 1069 1456 vos
1084 1396 1124 1457 de

104 1477 204 1540 rebus
219 1479 295 1539 aliis
318 1478 540 1558 loqueremini,
555 1489 669 1540 tamen
691 1499 750 1540 nos
765 1477 888 1557 aliquid
911 1497 953 1539 ex
975 1498 1124 1541 sermone

104 1566 215 1645 vestro
230 1563 389 1623 memoris
403 1563 538 1642 dignum
550 1565 702 1644 excipere
718 1580 905 1644 possemus3
927 1571 964 1624 ut
976 1563 1054 1624 vero
1069 1583 1124 1644 pe·

103 1647 192 1709 nitus
209 1648 244 1706 in
260 1666 336 1707 eam
358 1648 464 1726 ipsam
485 1648 587 1708 totius
610 1647 707 1726 liujus
723 1648 776 1709 vel
792 1646 899 1718 studii,
913 1647 967 1708 vel
983 1647 1124 1719 artificii,

11 1774 15 1799 ,
103 1730 157 1792 vel
173 1729 355 1803 facultatis,
367 1730 621 1813 disputationem
636 1733 728 1813 paene
741 1733 890 1793 intimam
901 1733 1124 1812 perveniretis,

102 1817 160 1876 vix
182 1813 365 1896 optandum
387 1815 482 1877 nobis
496 1815 679 1892 videbatur.
724 1815 799 1894 Ego
819 1817 917 1888 enim,
931 1818 987 1895 qui
1011 1815 1054 1877 ab
1077 1818 1124 1878 in-

11 1916 13 1927 ’
103 1909 204 1961 eunte
221 1908 322 1961 aetate
345 1901 500 1962 incensus
521 1896 628 1962 essem
650 1900 757 1962 studio
779 1901 947 1979 utriusque
969 1901 1125 1973 vestrum,
1200 1926 1204 1931 ·

103 1982 215 2046 Crassi
239 1983 319 2045 vero
334 1986 436 2046 etiam
450 2003 572 2057 amore,
587 1987 662 2046 cum
685 1984 782 2046 abeo
803 2003 966 2063 nusquam
982 1982 1124 2046 discede-

102 2088 184 2139 rem,
200 2068 339 2129 verbum
355 2088 396 2130 ex
412 2089 451 2130 eo
466 2088 636 2148 nunquam
651 2069 769 2130 elicere
787 2069 880 2149 potui
894 2067 934 2129 de
950 2068 1004 2128 vid
1019 2086 1059 2130 ac
1074 2087 1124 2130 ra·

102 2154 193 2215 tione
210 2152 350 2224 dicendi,
366 2155 441 2213 cirm
457 2162 490 2215 et
512 2172 572 2234 per
592 2154 823 2233 memetipsum
845 2154 995 2231 egissem,
1010 2161 1043 2214 et
1066 2173 1126 2233 per

102 2235 252 2299 Drusum
267 2237 354 2317 saepd
365 2237 557 2298 tentdssem:
579 2256 643 2316 quo
655 2238 688 2298 in
699 2256 820 2315 genere
831 2245 877 2308 tu,
889 2237 1021 2309 Antoni,
1034 2237 1124 2317 (vere

102 2322 236 2399 loquar)
246 2340 416 2399 nunquam
431 2321 521 2392 mihi,
532 2322 739 2401 percontanti
750 2329 809 2383 aut
820 2323 979 2401 quaerenti
992 2320 1125 2400 aliquid,

10 2404 11 2407 ’
102 2404 261 2476 defuisti3
285 2413 318 2465 et
332 2406 479 2487 persoepe
501 2425 564 2477 me,
579 2424 651 2484 quae
667 2406 789 2468 soleres
811 2407 845 2467 in
860 2404 997 2467 dicendo
1017 2405 1124 2467 obser·

101 2509 195 2560 vare,
211 2488 361 2550 docuisti.
406 2488 513 2561 Nunc,
528 2491 685 2569 quoniam
705 2498 843 2569 uterque
865 2491 1012 2551 vestrum
1032 2499 1124 2569 pate·

101 2572 184 2634 fecit
199 2592 318 2634 earum
341 2592 449 2634 rerum
473 2576 620 2654 ipsarum
635 2574 773 2645 aditum,
786 2593 869 2653 quas
892 2573 1076 2651 quaerimus,
1091 2581 1125 2634 et

100 2659 262 2737 quoniam
287 2658 439 2739 princeps
455 2657 593 2719 Crassus
608 2660 680 2736 ejus
703 2659 860 2719 sermonis
881 2656 1027 2717 ordiendi
1052 2655 1125 2730 fuit,

99 2741 181 2803 date
198 2742 292 2803 nobis
307 2740 393 2804 hanc
409 2743 551 2816 veniam,
565 2751 670 2814 ntea,
685 2761 757 2822 quoe
773 2742 899 2803 sentitis
915 2739 954 2800 de
966 2742 1054 2802 omni
1069 2761 1123 2819 ge·

98 2845 182 2887 nere
198 2818 338 2896 dicen‘di,
354 2826 516 2896 subtiliter
535 2828 785 2907 persequamini.
831 2824 929 2902 Quod
951 2824 1082 2905 quidem
1096 2826 1124 2886 si

98 2911 167 2972 erit
183 2908 315 2971 avobis
337 2911 557 2990 impetratum,
573 2931 730 2989 magnam
751 2910 890 2984 habeb0,
905 2910 1032 2980 Crasse,
1047 2908 1124 2972 huic

97 2994 268 3075 palaestrae
280 3003 314 3056 et
327 2993 518 3056 Tusculano
529 3005 586 3056 tuo
597 2997 755 3073 gratiam3
778 3004 811 3057 et
827 2995 923 3073 longe
935 2992 1123 3056 Academiae

97 3079 149 3140 illi
166 3098 209 3139 ac
234 3076 343 3160 Lyceo
362 3086 457 3141 tuum
479 3078 540 3141 hoc
556 3079 780 3141 suburbanum
802 3079 1011 3162 gymnasium
1032 3087 1123 3140 ante·

143 3182 236 3224 nam.

96 3181 249 3308 ΡΟΧΧΙΙ.
272 3245 360 3308 Tum
381 3248 446 3319 ille,
460 3247 562 3310 Immo
576 3247 665 3319 vero,
686 3249 801 3326 inquit,
822 3247 957 3329 Sulpici,
971 3265 1123 3325 rogemus

57 3358 61 3365 ¹
99 3331 294 3402 Antonium,
309 3333 413 3411 quiet
434 3340 542 3412 potest
556 3331 666 3393 facere
682 3330 715 3392 id
736 3330 822 3410 quod
837 3326 982 3423 requiris,
997 3341 1030 3393 et
1048 3351 1122 3393 con·

96 3415 222 3487 suevit,
234 3423 271 3476 ut
285 3423 318 3476 te
335 3414 433 3478 audio
444 3416 562 3485 dicere.
608 3414 698 3477 Nam
712 3433 765 3477 me
777 3414 906 3495 quidem
919 3415 1025 3478 fateor
1039 3435 1121 3477 sem·

94 3517 161 3580 per
176 3519 199 3561 a
210 3519 332 3578 genere
347 3499 409 3562 hoc
424 3509 493 3563 toto
505 3501 664 3563 sermonis
675 3499 843 3578 refugisse,
852 3509 885 3562 et
900 3501 960 3563 tibi
976 3499 1119 3578 cupienti

10 3588 13 3613 '
95 3594 202 3663 atque
215 3585 352 3646 instanti
367 3586 545 3667 saepissime
558 3585 704 3664 negasse,
715 3594 752 3645 ut
767 3594 839 3647 tute
850 3585 950 3666 paulo
966 3582 1042 3642 ante
1053 3582 1121 3644 dix·

10 3732 13 3749 q
94 3669 165 3731 isti.
211 3666 309 3744 Quod
324 3688 388 3747 ego
403 3688 467 3732 non
483 3668 636 3751 superbiit
649 3688 755 3749 neque
769 3667 1010 3730 inhumanitate
1022 3664 1121 3728 facie·

94 3751 190 3826 barn,
206 3771 313 3833 neque
329 3752 394 3834 qud
408 3762 465 3816 tuo
478 3753 587 3817 studio
605 3753 787 3816 rectissimo
803 3759 902 3827 atque
917 3749 1040 3826 optimo
1054 3766 1120 3809 non
