2452 4290
327 390 366 451 pp
388 390 529 431 onerosa
550 390 640 431 tusa
654 391 778 434 ⁴munos.
1020 380 1063 438 48

20 537 77 601 tibi
103 539 229 601 ullam
262 557 404 603 causam
432 539 592 616 majorem
621 538 888 601 committendam
921 536 1072 623 puteml'

20 621 130 695 Citius,
146 623 314 694 hercule,
330 625 367 692 is,
382 625 435 701 qui
452 624 591 683 duorum
606 623 804 685 scalmorum
820 627 1011 688 naviculam
1027 631 1059 689 in

19 717 112 787 portu
135 709 326 778 everterit,
341 707 375 767 in
391 707 521 768 Euxino
543 718 642 786 ponto
657 708 925 785 Argonautarum
940 730 1060 773 navem

18 790 237 866 gubernarit.
322 788 398 885 uidi
422 791 449 850 si
465 811 505 851 ne
517 811 629 872 parvae
641 793 770 870 quidem
783 813 891 853 causae
907 796 1060 864 suntsed

17 876 104 955 saepe
129 877 239 936 maxi
279 895 316 943 ae,
332 876 365 935 in
388 874 504 954 quibus
527 874 671 936 certatur
693 876 733 936 (lc
752 878 828 954 jure
844 877 951 949 civili3
974 879 1059 956 quod

15 959 158 1021 tandem
175 979 222 1020 os
238 968 291 1019 est
306 958 393 1019 illius
415 961 553 1038 patroni,
568 961 624 1037 qui
639 959 682 1019 ad
697 980 754 1020 eas
770 980 888 1020 causas
907 963 976 1023 sine
993 964 1059 1022 ulla

17 1045 160 1105 scientia
182 1045 281 1120 juris
295 1041 394 1103 audet
416 1041 597 1104 accedere?
641 1042 726 1119 Quae
741 1047 846 1122 potuit
869 1046 970 1121 igitur
985 1066 1056 1107 esse

19 1148 124 1189 causa
141 1128 276 1203 major,
287 1127 384 1204 quam
399 1127 487 1187 illius
500 1128 623 1197 militis,
635 1127 675 1186 de
687 1130 780 1206 cujus
795 1140 898 1189 morte
915 1131 989 1190 cum
1004 1130 1057 1191 do-

18 1230 110 1273 mum
127 1212 249 1272 falsus
266 1209 315 1275 ab,
325 1211 471 1270 exercitu
493 1212 627 1272 nuntius
643 1213 795 1283 venisset,
811 1222 844 1273 et
866 1222 962 1292 pater
975 1216 1057 1292 ejus

18 1315 52 1356 re
68 1295 222 1365 credita,
237 1302 473 1354 testamentum
490 1296 654 1365 mutasset,
670 1305 712 1366 et,
727 1315 826 1373 quem
841 1296 873 1355 ei
889 1298 995 1357 visum
1009 1318 1057 1357 es·

17 1389 77 1446 set,
93 1380 245 1441 fecisset
262 1377 436 1448 haeredem,
447 1388 596 1456 essetque
609 1380 677 1459 ipse
692 1388 860 1448 mortuus;
883 1398 935 1438 res
946 1380 1058 1441 delata

18 1474 67 1525 est
84 1464 134 1524 ad
153 1463 395 1532 centumviros
410 1464 484 1523 cum
507 1463 600 1523 miles
615 1463 749 1523 domum
765 1462 955 1533 revenisset,
974 1465 1057 1541 egis·

17 1558 142 1627 satque
168 1545 251 1624 lege
275 1547 308 1606 in
331 1545 555 1608 haereditatem
577 1556 753 1626 paternam
775 1541 988 1626 [testamento
1004 1568 1057 1608 ex-

17 1630 131 1693 haeres
149 1626 282 1712 filiusll
328 1629 455 1710 Nempe
471 1631 504 1690 iu
517 1631 555 1690 aa
571 1631 671 1691 causti
681 1632 854 1709 quaesitum
869 1639 918 1691 est
930 1630 970 1692 de
981 1632 1057 1709 jure

20 1717 125 1787 civili,
139 1724 303 1795 possetne
318 1722 529 1794 paternorum
545 1713 703 1775 bonorum
715 1712 861 1775 exhaeres
876 1734 947 1777 esse
960 1714 1055 1787 filius,

20 1819 124 1877 quem
150 1808 254 1879 pater
276 1806 473 1858 testamento
487 1817 593 1876 neque
615 1797 778 1859 haeredem
793 1818 898 1878 neque
913 1799 1056 1861 exhaere·
1107 1806 1113 1819 “

21 1884 96 1945 dem
115 1882 311 1960 scripsisset
326 1880 540 1943 nominatim?
562 1888 568 1899 ⁴

63 1965 231 2029 XXXIX.
256 1963 367 2039 Quidt
390 1966 457 2044 qud,
466 1965 505 2026 de
520 1985 556 2026 re
572 1966 657 2027 inter
668 1965 844 2029 Marcellos
856 1973 889 2027 et
901 1964 1056 2028 Claudios

19 2052 191 2132 patricios
207 2050 404 2110 centumviri
415 2050 614 2127 judicarunt,
629 2051 704 2111 cum
720 2049 873 2112 Marcelli
887 2049 931 2109 ab
947 2050 1055 2112 liberti

20 2135 92 2197 filio
106 2136 231 2214 stirpe,
240 2131 370 2194 Claudii
382 2135 512 2213 patricii
525 2133 670 2211 ejusdem
681 2133 820 2195 hominis
831 2133 1056 2195 haereditatem

19 2229 139 2296 gente,
156 2217 204 2278 ad
229 2237 265 2277 sc
290 2216 422 2278 rediisse
445 2217 609 2289 dicerent3
632 2237 739 2279 nonne
762 2220 796 2279 in
811 2217 850 2278 eti
871 2219 972 2279 causti
993 2218 1055 2279 fuit

19 2301 223 2364 oratoribus
239 2300 279 2360 de
295 2309 364 2361 toto
380 2301 488 2380 stirpis
503 2321 543 2361 ac
559 2302 754 2378 gentilitatis
764 2303 840 2380 jure
855 2286 1097 2363 dicendum’l-

20 2384 142 2462 Quid?
171 2383 261 2462 quod
277 2385 356 2446 item
372 2387 405 2445 in
422 2385 651 2445 centumvirali
664 2386 790 2463 judicio
805 2394 966 2447 certatum
982 2405 1054 2446 esse
1073 2400 1129 2466 Α]

22 2471 238 2549 accepimus,
253 2470 308 2545 qui
323 2468 463 2530 Romam
486 2470 519 2528 in
535 2469 685 2530 exsilium
700 2470 851 2540 venisset,
867 2470 920 2529 eui
942 2468 1055 2530 Romae

22 2555 189 2615 exsulare
206 2553 264 2628 jus
279 2562 375 2621 esset,
390 2553 417 2612 si
434 2571 468 2611 se
484 2551 527 2611 ad
542 2552 685 2631 aliquem
700 2555 793 2631 quasi
808 2562 982 2632 patronum
998 2571 1054 2630 ap-

22 2638 238 2717 plicavisset,
264 2635 482 2712 intestatoque
512 2645 599 2695 esset
628 2646 793 2707 mortuus;
823 2655 930 2695 nonne
957 2636 991 2694 in
1017 2635 1056 2694 eei

22 2722 134 2782 causis
144 2722 206 2798 jus
219 2719 457 2797 applicationis
469 2717 642 2778 obscurum
657 2720 736 2778 sane
749 2729 781 2779 ct
796 2720 952 2793 ignotum,
964 2727 1055 2797 patc-

0 2860 4 2872 ,
24 2806 162 2866 factum
173 2802 339 2883 injudicio
349 2813 447 2881 atque
457 2802 655 2862 illustratum
666 2797 1053 2883 estapatronoileuidl

23 2908 147 2968 nuper,
165 2887 243 2946 curn
259 2905 321 2962 ego
337 2885 371 2946 Ο.
388 2886 495 2962 Sergii
517 2884 653 2946 Auratae
669 2895 783 2946 contra
805 2883 891 2945 hunc
910 2895 1055 2947 nostrum

22 2973 220 3033 Antonium
239 2969 364 3047 judicio
388 2970 517 3049 privato
539 2988 675 3029 causam
697 2969 925 3041 defenderem3
948 2990 1054 3030 nonne

23 3057 140 3116 omnis
163 3063 280 3113 nostra
294 3054 328 3113 in
345 3055 420 3130 J'ure
435 3061 570 3113 versata
591 3053 737 3114 defensio
752 3051 823 3114 esti
869 3052 951 3115 Cum
967 3055 1055 3114 enim

22 3138 77 3202 Μ.
97 3138 232 3200 Marius
246 3135 460 3197 Gratidianus
473 3135 561 3196 aedes
575 3136 711 3198 Auratae
727 3137 934 3208 vendidisset,
949 3157 1054 3216 neque

22 3224 160 3284 servire
172 3219 340 3298 quandam
355 3240 471 3281 aarum
482 3219 601 3281 acilium
613 3231 752 3301 partem,
763 3222 797 3282 in
808 3223 966 3301 mancipii
981 3222 1054 3297 lege

23 3307 192 3375 dixisset3
215 3303 481 3375 defendebamus
496 3303 649 3383 quidquid
669 3304 783 3365 fuisset
804 3305 1000 3366 incommodi
1021 3307 1055 3366 in

23 3390 214 3469 mancipio,
229 3387 263 3448 id
285 3389 313 3448 si
327 3388 476 3449 venditor
490 3386 611 3459 scisset,
627 3406 732 3466 nequa
751 3387 957 3461 declarasset,
973 3408 1052 3470 prae·

24 3485 124 3535 stare
140 3472 272 3533 debere.
293 3465 393 3548 >Quo
408 3472 539 3551 quidem
557 3473 591 3533 in
614 3492 734 3549 genere
751 3470 924 3534 familiaris
946 3483 1056 3535 noster

26 3557 82 3621 M.
100 3556 311 3628 Bucculeius
325 3556 422 3617 homo
444 3575 550 3634 neque
566 3576 639 3618 meo
657 3556 782 3633 judicio
797 3556 926 3628 stultus,
941 3568 974 3618 et
996 3576 1055 3616 suo

24 3640 135 3703 valde
151 3641 296 3719 sapiens
311 3649 344 3701 et
360 3660 381 3700 a
398 3642 483 3718 juris
498 3641 607 3701 studio
620 3660 685 3701 non
701 3641 887 3711 abhorrens
902 3640 1000 3701 simili
1021 3640 1055 3700 in

28 3745 70 3787 re
87 3724 233 3802 quodam
249 3724 344 3786 modo
359 3743 464 3804 nuper
478 3726 609 3784 erravit.
653 3725 828 3786 Nemeum
839 3724 926 3784 aedes
942 3723 978 3783 L.
991 3721 1055 3784 Fu·

31 3810 81 3871 fio
96 3808 266 3880 venderet,
281 3810 316 3869 in
330 3809 496 3890 mancipio
511 3808 646 3881 lumina,
660 3809 709 3871 uti
724 3820 795 3870 turn
811 3814 930 3877 essent,
944 3807 993 3866 ita
1007 3825 1055 3867 re·
