2444 4276
345 379 385 421 nr
405 377 546 420 orarora
566 377 655 421 utana
675 378 812 421 marrus
1028 362 1089 420 180

65 528 122 606 qui
137 524 229 587 hunc
244 524 432 589 Alexandro
445 524 514 587 filio
527 524 693 588 doctorem
708 525 853 598 accierit,
865 544 887 588 a
897 544 962 606 quo
972 524 1088 588 codem

64 611 121 672 ille
138 619 173 671 et
188 610 312 688 agendi
326 611 492 690 acciperet
507 618 673 690 praecepta
687 618 721 671 et
735 608 897 688 loquendi.
940 609 973 673 N
975 629 1048 683 unc,
1060 611 1088 673 si

65 695 121 773 qui
142 694 245 766 volet,
267 712 343 756 eum
368 692 606 775 philosophum,
628 694 683 772 qui
708 695 839 774 copiam
861 693 955 756 nobis
976 714 1087 759 rerum

11 788 14 793 ’
65 778 290 857 orationisque
301 777 420 849 tradat,
431 797 490 858 per
501 798 553 841 me
566 778 712 859 appellet
723 785 886 840 oratorem
898 777 974 840 licet
986 801 994 851 ;
1017 782 1087 842 sive

65 861 153 923 hunc
176 870 351 934 oratorem,
365 880 464 942 quem
482 881 543 939 ego
558 862 632 924 dico
646 862 844 941 sapientiam
861 863 1014 940 junctam
1029 864 1086 926 ha·

64 946 143 1008 bere
160 946 365 1024 eloquentia,
387 944 615 1027 philosophum
631 945 800 1026 appellare
822 947 926 1018 malit,
941 966 1006 1009 non
1028 949 1085 1011 im·
1114 1011 1120 1029 ,

64 1031 222 1111 pediam;
248 1029 421 1092 dummodo
434 1029 505 1092 ·hoc
528 1039 663 1100 constet,
679 1048 784 1108 neque
808 1029 983 1094 infantiam
1006 1034 1086 1111 ejus,
1143 1070 1151 1085 ι

63 1117 120 1193 qui
135 1134 208 1197 rem
224 1112 318 1186 ndrit,
333 1114 389 1176 sed
406 1134 482 1177 eam
496 1114 663 1196 explicare
677 1111 815 1175 dicendo
830 1135 895 1176 non
910 1125 1020 1195 queat,
1031 1137 1085 1179 ne·

63 1217 128 1278 que
144 1199 356 1260 inscientiam
377 1199 476 1271 illius,
491 1202 546 1260 cui
567 1217 699 1261 resnou
714 1207 880 1279 suppetat,
895 1199 999 1261 verba
1020 1221 1085 1263 non

50 1283 183 1356 desint,
198 1302 271 1344 esse
295 1281 516 1344 laudandam:
538 1301 676 1365 quorum
698 1283 727 1343 si
749 1283 892 1343 alterum
907 1284 948 1345 sit
970 1294 1085 1365 optan-

63 1365 152 1439 dum,
164 1367 282 1429 malim
296 1366 447 1446 equidem
462 1367 653 1429 indisertam
667 1365 886 1448 prudentiam,
894 1366 992 1445 quam
1006 1369 1085 1431 stul·

62 1451 176 1514 titiam
190 1451 373 1530 loquacem.

106 1534 168 1597 Sin
185 1537 369 1615 quaerimus
384 1536 460 1615 quid
483 1555 587 1598 unum
601 1534 744 1597 excellat
760 1552 802 1595 ex
815 1533 976 1607 omnibus,
991 1533 1086 1598 docto

64 1621 191 1681 oratori
213 1620 327 1699 palma
351 1619 461 1681 danda
482 1629 553 1682 est:
575 1639 672 1699 quem
698 1621 726 1681 si
750 1619 921 1700 patiuntur
946 1619 1086 1682 eundem

63 1723 136 1766 esse
162 1702 290 1785 philoso
314 1703 401 1775 hum,
427 1703 560 1765 sublata
585 1704 807 1765 controversia
832 1710 891 1765 est.
946 1702 1006 1765 Sin
1030 1724 1086 1765 eos

63 1779 277 1869 disjungent3
322 1808 361 1848 oc
384 1797 480 1849 erunt
503 1787 680 1858 inferiores,
703 1787 789 1865 qudd
811 1786 847 1847 in
866 1796 995 1850 oratore
1015 1807 1087 1869 per·

62 1871 154 1935 secto
170 1875 256 1934 inest
269 1872 399 1934 illorum
414 1873 520 1934 omnis
534 1873 683 1943 scientia,
698 1873 732 1932 in
747 1869 1014 1953 philosophorum
1028 1892 1085 1933 au·

62 1966 132 2019 tem
164 1957 351 2035 cognitione
380 1977 446 2018 non
476 1956 631 2018 continuo
659 1956 745 2017 inest
774 1955 983 2034 eloquentia;
1011 1975 1086 2036 quae

63 2042 200 2122 quamv‘
245 2049 474 2102 contemnatur
498 2039 541 2101 ab
567 2042 624 2112 eis,
649 2058 784 2102 necesse
810 2047 861 2100 est
888 2047 1002 2102 tamen
1028 2041 1086 2103 ali·
1125 2062 1130 2071 ·

62 2145 206 2205 quemc
265 2112 357 2186 rfllsm
378 2125 509 2186 illorum
524 2123 649 2186 artibus
664 2122 782 2187 afferre
797 2124 958 2186 videatur.
1003 2123 1085 2187 Haec

63 2212 142 2271 cum
157 2208 297 2270 Crassus
311 2209 454 2282 dixisset,
468 2228 646 2290 parumper
659 2218 693 2271 et
710 2211 780 2291 ipse
795 2210 963 2283 conticuit,
978 2220 1011 2272 et
1026 2229 1085 2272 cae·
1102 2222 1111 2239 ⁴

61 2296 146 2356 teris
161 2292 328 2355 silentium
342 2293 415 2355 suit.
469 2314 523 2368 ss

40 2414 47 2425 ·
106 2375 260 2440 XXXVI.
292 2377 378 2438 Tum
400 2376 507 2449 Cotta,
529 2376 701 2456 Equidem,
727 2378 841 2457 inquit,
866 2375 993 2450 Crasse,
1021 2397 1088 2439 non

61 2479 200 2544 possum
215 2463 316 2541 queri,
330 2461 416 2540 quod
437 2461 517 2523 mihi
532 2461 665 2524 videare
684 2460 775 2522 aliud
789 2460 954 2541 quiddam,
967 2470 1001 2521 et
1022 2480 1087 2522 non

61 2545 98 2608 id
121 2545 209 2624 quod
230 2545 420 2625 susceperis,
435 2545 638 2625 disputasse3
660 2545 734 2625 plus
751 2546 840 2605 enim
855 2542 1024 2622 aliquanti)
1039 2551 1087 2604 at·

61 2629 182 2700 tulisti,
196 2630 295 2708 quim
302 2629 363 2691 tibi
375 2639 446 2691 erat
461 2620 620 2690 tributum
635 2648 656 2689 a
670 2627 764 2689 nobis
778 2647 819 2689 ac
834 2626 1064 2688 denuntiatum
1079 2646 1087 2688 ε

62 2712 125 2775 sed
141 2714 230 2774 certe
245 2720 279 2774 et
300 2711 352 2774 hae
376 2722 487 2794 partes
510 2711 641 2774 fuerunt
663 2721 739 2784 tuae,
753 2710 794 2772 de
809 2709 1003 2772 illustrandi
1017 2729 1087 2771 ora-

61 2799 157 2860 tione
181 2805 218 2858 ut
242 2796 388 2868 diceres;
411 2805 445 2858 et
470 2815 544 2857 eras
569 2797 640 2877 ipse
656 2798 729 2875 jam
744 2796 919 2873 ingressus,
934 2804 1032 2875 atque
1054 2796 1088 2856 in

62 2889 210 2962 quatuor
229 2891 340 2962 partes
363 2898 496 2942 omnem
516 2882 674 2942 orationis
697 2879 830 2942 laudem
847 2878 1087 2960 descripseras:

64 2968 209 3043 cumque
225 2965 264 3026 de
280 2964 409 3026 duabus
424 2966 538 3045 primis
552 2965 645 3027 nobis
660 2964 790 3045 quidem
805 2962 894 3037 satis,
908 2963 974 3037 sed,
988 2965 1091 3045 ut0ip‹

64 3069 103 3113 se
128 3048 273 3120 dicebas,
296 3050 446 3111 celeriter
469 3050 650 3129 exigueque
669 3049 814 3119 dixisses
829 3046 911 3110 duas
931 3047 991 3109 tibi
1013 3048 1088 3109 reli·

64 3152 152 3214 quas
166 3131 302 3205 feceras,
314 3132 588 3212 quemadmodum
602 3136 743 3214 primurn
758 3133 882 3205 ornate,
897 3131 1014 3194 deinde
1029 3132 1088 3195 eti·

66 3237 125 3279 am
142 3218 227 3298 apte,
241 3216 433 3279 diceremus
477 3216 554 3293 Quo
569 3219 645 3279 cirm
662 3220 827 3294 ingressus
842 3235 939 3288 esses,
954 3215 1088 3296 repente

65 3311 101 3364 te
116 3303 211 3383 quasi
229 3301 363 3380 quidam
377 3309 476 3363 aestm
498 3302 622 3380 ingenii
644 3302 693 3363 tui
716 3299 874 3381 procula
896 3299 982 3361 terri
1004 3298 1088 3361 abri-

67 3387 152 3469 puit,
178 3396 276 3466 atque
303 3386 337 3447 in
363 3385 467 3447 altum
493 3405 516 3446 a
541 3395 717 3465 conspectu
742 3384 835 3464 paene
861 3384 1007 3445 omnium
1032 3383 1088 3445 ab·

67 3471 196 3531 straxit.
240 3468 380 3532 Omnem
395 3471 483 3531 enim
497 3488 608 3530 rerum
622 3468 794 3529 scientiam
809 3468 1008 3549 complexus,
1023 3488 1090 3530 non

67 3563 107 3617 tu
130 3554 261 3634 quidem
282 3573 357 3616 eam
380 3553 474 3616 nobis
494 3552 666 3625 tradidisti,
683 3551 800 3631 (neque
821 3554 909 3613 enim
932 3551 995 3613 suit
1018 3562 1090 3613 tam

68 3639 183 3717 exigui
197 3641 353 3720 temporis
366 3638 389 3717 ς)
411 3638 478 3710 sed,
494 3637 581 3719 apud
597 3636 655 3698 hos
669 3635 746 3715 quid
761 3635 947 3717 profeceris
961 3636 1103 3706 nescimv

68 3743 125 3787 me
146 3723 278 3804 quidem
299 3725 334 3785 in
356 3723 574 3785 Academiam
594 3729 700 3784 totum
725 3720 919 3803 compulisti.
964 3717 1001 3780 In
1026 3718 1091 3800 qut

70 3808 173 3871 velim
195 3809 238 3868 sit
259 3807 349 3880 illud,
363 3806 450 3886 quod
472 3807 559 3889 saepe
582 3805 727 3890 posuisti,
741 3814 778 3866 ut
801 3823 867 3866 non
889 3821 1024 3864 necessa
1047 3803 1091 3864 sit
