2444 4276
106 372 172 431 232
483 384 690 426 norun-nra.
713 384 745 426 n.

140 533 186 584 Ec
197 533 337 582 cloriseirno
348 530 454 580 rhetoris
464 528 573 592 officina]
608 529 727 580 Eschola
739 529 867 580 Isocratis.

140 618 206 668 Sect
220 620 258 665 14.
282 615 429 680 Aucuponr]
464 614 593 673 Quaerens.

139 701 183 751 Ad
190 700 329 764 ¹Misenum]
363 700 395 749 In
405 699 465 749 villa
476 715 541 758 mea,
553 715 608 763 quae
619 706 657 749 est
666 714 741 763 prope
754 698 888 748 Misenum.

141 787 181 835 Ne
193 786 272 834 latine
283 785 327 833 lroc
338 782 407 832 nobie
419 791 507 849 potere
519 783 645 846 videatur]
679 784 729 833 Sed
743 799 775 832 ne
788 799 829 832 ms
845 785 970 832 literarum
982 782 1141 833 Graecarum

106 872 197 935 putetis
208 885 262 919 esse
273 869 422 933 peritiorem,
433 885 509 932 qnam
520 869 575 941 sim.

141 956 209 1003 Sect
223 956 261 1003 15.
288 954 335 1002 Vel
354 969 437 1012 oceno,
454 954 493 1002 nel
512 954 651 1019 rapientia,
668 954 707 1001 nel
728 952 885 1014 teneritudo]
920 951 956 1002 Ut
976 950 1141 1015 explicentur

109 1055 193 1088 cause
206 1054 250 1087 cur
261 1054 299 1087 res
310 1040 378 1088 facta
391 1037 431 1096 sit,
443 1037 506 1087 alias
517 1053 578 1087 casu
589 1044 615 1086 et
625 1038 734 1093 fortuito,
746 1039 808 1086 alias
819 1039 941 1100 sapienter
952 1043 997 1087 aut
1008 1045 1111 1087 tomere-

142 1123 208 1171 Sect
222 1121 259 1170 16.
285 1122 586 1186 Quaestionem-vagam]
626 1122 698 1186 Vaga
706 1123 809 1186 questio
820 1128 929 1185 estque
940 1122 966 1171 in
978 1137 1070 1187 genere
1078 1137 1140 1174 ver-

108 1212 185 1265 satur,
197 1206 271 1256 nullis
283 1207 521 1270 adstrictcpersonis
533 1207 616 1256 certis.

143 1290 308 1357 Simpliciter]
341 1292 423 1351 Clare,
435 1298 464 1342 ut
475 1293 506 1341 nb
517 1291 630 1342 omnibus
641 1290 743 1356 intelligi
754 1290 837 1355 possit.

527 1475 587 1524 Car.
605 1473 708 1524 17-18.

141 1608 209 1659 Tum
221 1610 326 1658 Catulus
337 1610 418 1658 facete
430 1624 460 1656 cc
476 1606 661 1672 perhumaniter
672 1606 782 1656 Antonio
796 1607 887 1671 objicit,
899 1608 962 1670 quod
979 1608 1139 1668 sententiam

108 1674 205 1724 brevius
220 1673 286 1737 justo
298 1674 426 1722 absolvens
437 1673 524 1721 oratori
543 1674 621 1736 plura,
633 1688 708 1734 quam
720 1688 805 1721 verum
818 1679 843 1720 et
862 1688 960 1735 oequum
972 1674 1090 1748 patiatur,
1103 1689 1140 1724 ex

108 1740 147 1797 iis,
158 1756 212 1802 quar
226 1737 344 1796 didicerit,
356 1738 507 1787 assumendo
517 1739 558 1785 vel
574 1737 669 1800 proprio
681 1736 763 1786 studio
780 1736 928 1800 perficienda
939 1740 1069 1801 relinquat.
1106 1738 1139 1788 Is

108 1820 166 1854 vero
177 1803 235 1853 huic
246 1805 339 1854 monito
351 1804 460 1852 animum
472 1803 603 1852 advertens
620 1818 720 1851 omnem
731 1801 832 1853 oratoris
849 1803 900 1851 rim
918 1804 978 1851 inid
996 1804 1139 1862 concludit,

109 1877 138 1920 ut
149 1885 231 1919 cauare
243 1870 345 1933 agenda
354 1883 433 1933 genoe
444 1867 585 1931 perspiciat,
594 1883 645 1916 rem
658 1883 706 1916 acu
714 1868 784 1929 quasi
796 1874 892 1931 tangat,
901 1868 1045 1931 animosque
1054 1868 1139 1918 homi.

109 1950 170 1984 num
182 1935 290 1983 oratione
302 1935 448 1991 moderetur,
459 1931 576 1996 reprimat
587 1939 631 1982 aut
642 1932 735 1981 incitet
768 1930 845 1988 Nam,
854 1930 896 1995 qui
908 1934 963 1981 lraec
975 1933 1079 1996 exsequi
1091 1950 1138 1982 va.

109 1999 200 2058 leat,ei
211 1999 302 2061 reliqua
313 2005 398 2062 sponte
410 2014 441 2047 ac
452 1999 505 2047 sine
517 1997 627 2048 doctrina
640 1997 756 2047 facillime
767 1998 913 2046 succedere:
931 1999 1016 2060 inquo
1027 1999 1139 2047 Catulus

110 2064 157 2128 ipsi
168 2065 306 2113 assentitiu.

145 2188 211 2236 Sect
223 2187 263 2236 17.
287 2185 330 2243 Id,
342 2184 407 2248 qnod
418 2191 456 2234 eet
467 2186 559 2248 majac,
568 2185 695 2250 expertae]
730 2184 822 2235 Dicam
832 2184 865 2243 id,
874 2186 946 2248 quod,
955 2199 1005 2234 non
1017 2193 1070 2236 tam
1083 2193 1139 2237 stu.

110 2271 150 2321 dio
161 2287 235 2335 quam
247 2269 398 2334 experientia
411 2268 490 2319 didici

146 2353 537 2418 Qnireidominnosoturueert]
565 2354 678 2419 Intellige
684 2353 916 2419 judicem,iucujus
924 2360 1048 2418 potestate
1056 2372 1138 2406 causa

111 2447 157 2491 est.

145 2526 176 2574 Si
187 2525 244 2590 quie
264 2525 334 2574 illam
345 2528 424 2572 cr'tem
436 2521 655 2588 comprehenderit]
691 2521 907 2579 Quemadmodum
921 2523 1017 2582 artifex,
1029 2526 1051 2573 si
1068 2526 1138 2589 quod

58 2610 67 2629 ¹
110 2617 149 2660 est
160 2610 312 2673 precipuum
323 2625 354 2658 ac
366 2607 539 2659 difficillimum
550 2607 626 2671 possit
638 2607 742 2664 efficere,
752 2615 777 2655 et
788 2612 897 2656 statuam
909 2607 986 2658 veluti
996 2596 1095 2671 ponere,
1105 2611 1139 2660 do

111 2701 201 2744 statue
211 2692 361 2742 ornamentis
374 2710 404 2742 ac
416 2692 547 2742 levioribus
559 2690 670 2754 operibus
679 2707 728 2739 non
739 2692 859 2741 laboravit
870 2707 877 2752 3
894 2691 929 2740 ita
941 2700 1028 2751 orator,
1038 2693 1058 2741 si
1069 2696 1138 2756 quod

110 2777 138 2828 in
150 2785 202 2826 arto
214 2794 259 2826 sua
271 2779 407 2825 marimum
417 2784 462 2834 est,
475 2783 603 2825 assecutus
615 2776 696 2834 fuerit,
708 2776 800 2838 reliqua
812 2776 886 2824 facile
897 2778 1091 2839 comprehendet

145 2863 213 2910 Sect.
227 2862 264 2910 18.
289 2862 323 2909 ne
336 2877 384 2909 non
395 2861 459 2909 nolle
472 2860 588 2922 dixisset]
624 2860 732 2910 Dixisset
743 2877 770 2909 so
782 2862 884 2910 libenter
894 2860 1044 2910 auditurum.

144 2946 251 3007 Panae]
285 2945 412 2995 Hannibal
424 2945 647 3010 Carthageniensis

534 3124 593 3174 Gar.
607 3123 709 3174 19-29.

146 3262 254 3312 Istorum
264 3261 408 3310 Graecorum
417 3261 539 3309 rhetorum
553 3260 663 3308 doctrine
675 3265 773 3308 tantum
782 3274 832 3307 non
841 3259 1017 3311 contumeliose
1025 3261 1136 3321 dimissi,

113 3328 237 3376 Antonius
254 3327 306 3390 ipsc
317 3328 436 3375 rationem
454 3327 569 3381 delineat,
580 3341 653 3387 quam
667 3325 736 3387 sequi
752 3340 797 3372 uos
812 3325 883 3387 jubet
894 3328 918 3373 in
930 3334 1024 3374 oratore
1035 3325 1136 3376 institu-

113 3394 184 3447 endo,
192 3399 217 3441 et
226 3407 268 3454 pro
277 3392 328 3454 ejus
337 3391 435 3439 diversis
443 3392 601 3438 facultatibus
611 3390 704 3438 diverse
714 3392 852 3437 tractando.
881 3398 896 3419 ‘⁴
905 3391 1135 3450 Adulescentulus,”

114 3457 199 3517 inquit,
212 3456 309 3504 “literis
322 3457 414 3503 tinctus
426 3464 567 3516 naturaeque
580 3456 675 3503 dotibus
688 3456 747 3503 satis
759 3463 859 3502 ornatus
871 3472 921 3517 pne
934 3458 1028 3504 catoris
1041 3459 1073 3504 ad
1082 3475 1136 3505 ora.

113 3522 172 3569 toris
184 3529 259 3568 artem
274 3521 400 3568 colendam
414 3522 578 3567 cohortandus
588 3529 633 3575 est,
643 3528 667 3567 et
680 3519 704 3567 in
718 3521 764 3567 hoc
775 3521 855 3567 studio
868 3522 1037 3584 adjuvandus:
1056 3539 1135 3584 neque

114 3593 206 3639 tamen,
219 3585 259 3646 qui
279 3585 368 3645 aliquid
388 3593 473 3643 potest,
486 3587 517 3631 ab
529 3602 557 3631 eo
570 3587 736 3633 deterrendus.
771 3585 800 3631 In
819 3588 946 3647 praeceptis
964 3588 1009 3634 hoc
1027 3588 1134 3648 primum

115 3650 155 3701 eit,
169 3657 195 3695 ut
207 3650 407 3701 demonstremus,
420 3664 491 3695 ouem
510 3651 631 3696 imitetur:
648 3658 701 3697 tum
714 3651 818 3697 accedat
832 3652 981 3709 exercitatio,
994 3658 1042 3711 qua
1056 3653 1135 3710 illum,

115 3727 188 3772 quem
200 3720 257 3758 antc
269 3713 390 3773 delegerit,
404 3710 522 3758 imitando
534 3714 635 3775 effingat
648 3724 673 3761 et
691 3714 818 3776 exprimat.
851 3716 950 3774 Verum,
965 3724 991 3764 ut
1006 3717 1135 3778 aliquando

116 3775 147 3820 ad
158 3789 248 3821 causas
260 3775 367 3837 agendae
379 3776 521 3831 deducatur,
531 3777 577 3824 hoc
589 3777 612 3824 ei
623 3779 800 3840 praecipiemus,
809 3784 975 3843 quascumque
987 3797 1079 3829 causas
1091 3783 1135 3832 erit

116 3843 225 3892 acturus,
244 3846 272 3886 ut
290 3853 333 3885 aas
347 3838 474 3901 diligenter
496 3839 642 3902 penitusque
659 3851 802 3905 cognoscet
836 3844 922 3895 Cliens
940 3847 1044 3911 quisque
1061 3864 1133 3897 sunm
