2434 4286
307 386 356 428 nu
374 386 520 428 mareau
539 386 628 429 amun
649 386 811 429 mamurra
1022 372 1076 432 87

30 532 180 606 vir-ihus,
197 533 281 614 quid
295 535 422 616 spiritu,
437 534 514 614 quid
529 533 643 612 lingua
664 533 794 598 efficere
815 537 925 617 possit.
969 535 1006 600 st
1027 538 1075 601 iu·

29 618 199 697 telligam
223 639 321 700 posse
344 618 387 680 ad
408 639 555 681 summos
568 622 750 701 pervenire,
765 641 834 682 uon
847 622 951 682 solum
966 621 1074 685 horta·

30 703 105 776 bor,
123 712 166 764 ut
184 704 347 775 elaboret,
370 703 428 765 sed
451 706 563 777 etiarn,
586 707 615 766 si
637 706 689 766 vir
712 724 838 785 quoque
863 706 943 768 mihi
969 708 1074 769 bonus

30 788 227 860 ridebitur,
243 787 441 850 obsecrabo:
464 797 596 851 tantum
611 807 674 867 ego
688 790 723 850 in
738 790 919 852 excellente
934 801 1073 865 oratore,

32 882 69 934 et
96 872 228 935 eodem
258 876 329 934 viro
359 873 454 945 bono,
484 893 570 955 pono
596 893 667 936 esse
697 877 881 937 ornamenti
910 878 1073 940 universas

32 958 188 1020 civitati.
235 955 295 1019 Sin
310 956 485 1029 videbitur,
507 960 583 1020 cnm
605 960 718 1020 omnia
739 978 870 1021 summa
884 960 1008 1033 fecerit,
1023 972 1073 1024 ta·

31 1062 116 1105 men
145 1041 399 1105 admediocres
421 1050 567 1105 oratores
589 1053 862 1116 esse·venturus;
884 1048 1073 1125 permittam

30 1128 114 1208 ipsi,
140 1126 226 1206 quid
248 1128 328 1189 velit
339 1150 352 1200 ;-
370 1128 528 1189 molestus
549 1148 671 1206 magno
693 1147 791 1208 opere
814 1147 881 1191 nou
903 1150 968 1192 ero.
1012 1129 1073 1194 Sin

31 1212 145 1292 plane
162 1209 362 1284 abhorrebit,
383 1221 418 1274 et
439 1213 502 1273 erit
517 1211 697 1285 absurdus3
719 1222 756 1275 ut
769 1233 805 1275 se
822 1216 998 1286 contiueat,
1013 1227 1072 1278 aut

31 1296 80 1358 ad
98 1293 200 1357 aliud
215 1296 358 1359 studium
372 1296 561 1368 transferat,
571 1296 765 1359 admonebo.
810 1297 899 1360 Nam
914 1319 1019 1378 neque
1034 1302 1072 1373 is,

31 1382 96 1461 qui
114 1380 244 1461 optime
258 1390 376 1461 potest,
391 1381 588 1443 deserendus
612 1382 679 1443 ullo
702 1381 799 1443 modo
822 1392 874 1443 est
887 1402 910 1442 a
924 1382 1071 1445 cohorte

32 1468 134 1528 tione
162 1466 282 1535 nostra,
307 1485 412 1544 neque
427 1466 465 1536 ie,
480 1468 536 1544 qui
550 1466 674 1545 aliquid
698 1474 814 1546 potest,
839 1465 1052 1539 deterrendus

31 1549 132 1631 quod
148 1549 294 1610 alterum
309 1549 491 1611 divinitatis
513 1549 596 1613 mihi
619 1550 791 1630 cujusdam
814 1550 965 1623 videtum
988 1551 1068 1614 alte-

32 1653 129 1705 rum,
144 1633 202 1694 vel
217 1632 408 1694 nonfacere
423 1634 508 1713 quod
532 1654 596 1696 non
611 1636 741 1715 'optime
763 1636 876 1716 possis,
891 1636 945 1699 vel
960 1634 1070 1698 facere

32 1717 132 1798 quod
147 1737 218 1791 non
230 1718 371 1798 pessime
386 1718 502 1789 facias,
516 1718 754 1790 humanitatis3
776 1721 911 1783 tertium
933 1719 1012 1782 veru
1032 1722 1071 1783 il·

33 1802 111 1875 lud,
128 1802 278 1864 clamare
294 1803 417 1864 contra·
428 1803 526 1882 quam
548 1803 674 1875 deceat,
690 1811 724 1864 et
738 1805 836 1882 quam
851 1806 956 1885 possis
969 1805 1071 1866 homi·

33 1890 92 1949 nis
121 1896 175 1947 est
199 1885 251 1963 (ut
274 1896 320 1958 tu,
344 1886 472 1959 Catule,
487 1887 527 1949 de
543 1886 685 1966 quodam
700 1887 921 1949 declamatore
944 1889 1068 1968 dixisti)

33 1972 198 2034 stultitia
213 1990 282 2032 auae
304 1972 561 2052 quamplurimos
584 1980 686 2034 testes
708 1970 886 2035 domestico
908 1975 1071 2054 praeconio

34 2056 244 2133 colligentia
277 2053 340 2117 'De
355 2055 417 2117 hoc
432 2058 542 2134 igitur,
557 2058 613 2135 qui
628 2057 688 2118 erit
701 2057 790 2128 talis,
802 2065 839 2117 ut
850 2057 1071 2127 cohortandus

34 2138 324 2220 adjuvandusque
339 2140 454 2211 sitite
469 2141 650 2218 loquamur,
662 2149 699 2203 ut
710 2143 742 2203 ei
753 2140 923 2204 tradamus
937 2162 980 2217 ea
990 2143 1070 2206 dun·

34 2233 151 2298 taxat,
167 2243 242 2303 quae
257 2244 316 2287 nos
330 2244 408 2287 usus
421 2224 542 2296 docuit,
557 2235 594 2286 ut
609 2224 702 2287 nobis
717 2225 863 2299 ducibus
885 2229 999 2289 veniat
1022 2218 1070 2301 ed,

34 2309 108 2389 qud
123 2310 200 2370 sine
214 2307 297 2369 duce
313 2310 375 2389 ipsi
389 2310 609 2390 pervenimus
623 2312 780 2391 quoniam
799 2312 937 2374 meliora
952 2311 1069 2375 docere

37 2415 110 2456 non
126 2411 314 2474 possumus.
1048 2406 1054 2412 ‘

82 2476 177 2540 XXI.
202 2476 321 2556 Atque,
336 2486 373 2538 ut
388 2497 410 2538 a
425 2476 581 2540 familiari
596 2488 706 2541 nostro
718 2479 870 2542 exordiar
876 2493 888 2551 3'
899 2478 986 2542 hunc
999 2484 1071 2559 ego,

36 2562 176 2633 Catule,
204 2559 396 2642 Sulpicium,
418 2561 574 2642 (primirm
599 2565 634 2624 in
658 2564 759 2625 causa
783 2563 921 2645 parvuli
947 2564 1071 2626 adoles·

37 2647 219 2709 centullus
234 2646 361 2724 audivi)
378 2666 468 2718 voce,
483 2656 516 2708 et
532 2646 643 2719 forma,
659 2657 691 2709 et
706 2657 798 2708 motu
813 2647 965 2728 corporis,
978 2658 1011 2709 et
1021 2668 1071 2711 re·

36 2732 144 2811 liquis
160 2730 261 2791 rebus
277 2732 365 2811 aptis
378 2730 421 2791 ad
439 2730 500 2792 hoc
515 2750 644 2804 munus,
659 2730 700 2793 de
715 2750 779 2811 quo
793 2732 977 2810 quaerimus,
998 2753 1071 2794 ora-

36 2818 133 2878 tione
163 2824 277 2876 autem
303 2815 402 2876 celeri
427 2825 460 2877 et
485 2816 649 2877 concitata
663 2814 763 2895 (quod
787 2825 859 2877 erat
874 2817 1022 2896 ingenii),
1038 2827 1092 2880 et·

38 2900 160 2962 verbis
175 2897 475 2970 effervescentibus,
491 2909 525 2960 et
539 2899 640 2981 paulo
661 2901 799 2962 nimium
813 2899 1071 2964 redundantibus

39 2985 148 3064 (quod
165 2991 239 3045 erat
254 2984 387 3061 aetatis),
401 3001 466 3045 non
482 3003 555 3045 sum
570 2984 797 3066 adspernatus.
842 2986 926 3048 Volo
936 2988 1023 3048 enim
1035 3007 1070 3049 se

38 3068 167 3131 efferat
180 3070 218 3131 iu
233 3067 440 3130 adolescente
457 3069 672 3131 foecunditas:
694 3090 773 3131 nam
784 3069 923 3142 facilins,
939 3074 1023 3132 sicut
1035 3073 1070 3133 in

37 3153 173 3215 vitibus
195 3163 396 3214 revocantur
418 3170 469 3226 ea,
492 3173 565 3233 quae
589 3172 660 3215 sese
685 3155 824 3216 nimium
846 3154 1071 3236 profuderunt,

38 3240 157 3319 quam,
172 3238 201 3297 si
216 3235 297 3298 nihil
312 3238 402 3299 valet
416 3240 581 3310 materies
592 3258 681 3299 nova
695 3247 865 3299 sarmenta
877 3239 1005 3299 cultura
1016 3259 1070 3300 ex·
1128 3254 1130 3259 ·

39 3324 219 3394 citantur3
241 3322 290 3382 ita
304 3323 379 3384 volo
395 3343 467 3384 esse
482 3325 517 3384 in
532 3322 750 3391 adolescente,
762 3321 848 3383 unde
865 3322 987 3399 aliquid
1002 3343 1070 3384 am·

39 3416 172 3489 putem.
219 3404 294 3466 Non
318 3408 407 3468 enim
429 3417 536 3489 potest
557 3408 591 3468 in
614 3427 654 3468 eo
669 3425 786 3466 succus
801 3425 872 3468 esse
888 3405 1071 3480 diuturnus,

38 3492 133 3572 quod
148 3491 248 3551 nimis
263 3491 414 3553 celeriter
436 3502 486 3553 est
507 3492 733 3553 maturitatem
752 3500 948 3553 assecutum.
994 3492 1071 3556 Vidi

39 3578 163 3639 statim
178 3574 330 3647 indolem,
353 3596 459 3655 neque
483 3575 591 3636 dimisi
613 3585 763 3656 tempus3
785 3586 819 3638 et
834 3597 910 3638 eum
932 3596 1004 3639 sum
1019 3598 1070 3639 co-

39 3661 209 3732 hortatus,
224 3669 261 3720 ut
276 3659 384 3721 forum
398 3661 460 3721 sibi
472 3659 585 3721 ludum
597 3670 730 3740 putaret
742 3681 814 3723 esse
827 3661 869 3723 ad
880 3660 1070 3733 dicendum3

39 3746 247 3823 magistrum
261 3755 383 3816 autem,
399 3764 496 3824 quem
520 3745 631 3817 vellet,
646 3745 784 3823 eligeret
797 3768 804 3815 ;
827 3766 880 3807 rue
896 3745 1027 3825 quidem
1042 3748 1070 3807 si

41 3830 189 3901 audiret,
206 3827 243 3890 L.
260 3827 436 3889 Crassum:
457 3828 543 3906 quod
558 3829 621 3890 istc
643 3831 789 3909 arripuit,
805 3838 838 3888 et
852 3831 901 3888 ita
915 3848 987 3888 sese
1003 3828 1069 3887 fac-
