2444 4276
123 349 187 408 208
398 369 438 409 nn
458 369 600 411 onnnoon
620 371 709 411 nmen
729 370 866 413 menne

123 523 157 577 et
171 514 293 578 Atreus
307 514 375 578 fere
389 525 486 578 totus.
511 512 517 533 ‘
530 516 630 580 Aliud
650 518 817 580 miseratio
832 537 872 580 uc
886 537 1027 581 maeror:
1050 519 1150 585 flexi·

121 597 198 672 bile,
211 601 356 681 plenum,
369 603 596 682 interruptum,
610 602 712 664 flebili
727 622 828 664 voce:

286 750 342 810 Quo
354 765 420 798 nuuc
430 766 468 799 me
479 752 593 798 vertam?
610 749 676 814 quod
687 751 735 798 iter
746 752 864 815 incipiam
875 749 997 814 ingredi?

284 831 392 881 Domum
400 834 584 898 paternamnel
601 848 664 881 anne
677 831 711 880 ad
723 828 802 882 Peiie
808 831 902 894 filiae?

120 954 155 1011 et
168 947 238 1021 ille,

284 1063 308 1113 0
314 1070 397 1128 poter,
405 1080 419 1113 o
426 1066 521 1129 patria,
532 1080 547 1113 o
557 1063 658 1115 Priami
669 1062 776 1115 &murt

120 1203 155 1259 et
168 1215 242 1278 qnae
261 1206 463 1278 aequuum-3

281 1346 344 1395 Hac
355 1347 436 1394 omnia
448 1345 502 1394 eidi
512 1344 670 1409 inflammari,

280 1426 385 1477 Priamo
396 1428 422 1475 oi
434 1428 511 1475 vitam
522 1428 618 1476 coitari

119 1579 221 1645 Aliud
235 1588 363 1642 metus:
385 1577 572 1650 demissum,
588 1587 621 1640 et
634 1577 799 1651 haesitans,
815 1586 848 1640 et
863 1578 1053 1658 abJeetum:

217 1741 301 1791 Multi’
313 1739 393 1789 modio
401 1755 456 1788 eum
468 1741 658 1797 circumirentur,
670 1738 759 1796 morbo,
772 1739 867 1798 eeeilio,
877 1747 951 1803 atque
960 1741 1062 1805 impio:

220 1794 372 1887 Tomlpiil'r
383 1821 533 1885 sapientiam
543 1820 605 1868 miii
616 1835 709 1868 omnem
722 1822 862 1869 exanimato
874 1827 1034 1884 expectorat:

215 1903 288 1954 Alter
300 1902 434 1952 terribile-m
445 1903 579 1950 minitatur
590 1903 647 1949 oitoe
660 1903 799 1949 cruciatum
811 1909 836 1950 et
847 1917 930 1950 necem
939 1919 949 1949 .-

218 1985 289 2045 Quoe,
301 1986 371 2033 nemo
381 1991 419 2033 ret
431 1991 482 2032 tom
487 1982 562 2044 firmo
574 1984 681 2045 ingenio,
694 1988 718 2029 el
736 1986 806 2030 tanti
818 1981 974 2044 consideratii,

218 2065 287 2125 Quin
297 2064 412 2128 refugiat
423 2065 510 2113 timido
521 2079 643 2127 eanguen,
656 2071 730 2126 atque
741 2046 882 2112 emollierunt
893 2071 968 2113 metu.

118 2208 219 2274 Aliud
233 2212 303 2272 vis:
326 2217 525 2279 contentum,
541 2190 727 2281 vehemenS,
744 2209 918 2270 imminens
932 2207 1075 2287 quidum
1089 2209 1144 2272 in·
1217 2234 1218 2237 ¹

118 2295 274 2357 citatione
289 2294 484 2373 gravitatis:
513 2333 517 2341 -

280 2456 377 2505 Iterum
393 2453 514 2519 Thyeetee
525 2452 631 2502 Atreum
642 2460 778 2502 attractum
789 2452 909 2509 advenit3

280 2538 377 2588 Itirum
382 2539 439 2601 Jam
450 2535 601 2601 aggreditur
612 2551 658 2593 me,
670 2543 694 2584 et
706 2538 816 2600 quietum
827 2536 974 2585 eceueeitat.

280 2619 363 2683 Major
371 2617 432 2667 milti
442 2617 525 2675 melec,
537 2618 588 2680 maj
591 2632 621 2664 ue
631 2617 784 2665 miecendum
795 2617 827 2664 ’ot
838 2617 939 2674 malum,

282 2701 333 2761 Qui
345 2701 416 2749 illiue
426 2698 541 2749 acerbum
553 2714 593 2747 cor
605 2698 756 2747 contundam
766 2704 791 2746 et
803 2699 966 2764 comprimam

118 2844 217 2942 Aliud
236 2844 409 2925 voluptas:
433 2842 583 2916 effusum,
606 2844 689 2917 lene,
712 2851 871 2916 tenerum,
891 2841 1070 2906 hilaratum
1094 2864 1138 2909 ae

116 2948 289 2992 remissum
301 2947 309 2988 z

280 3088 334 3138 Sed
344 3088 406 3137 miii
417 3091 472 3136 cum
484 3087 575 3137 detulit
586 3103 699 3138 coronam
710 3087 738 3136 ob
748 3087 904 3136 collocandae
914 3088 1028 3153 ruptim

282 3170 340 3220 Tibi
346 3170 454 3234 ferebat,
467 3174 523 3219 cum
533 3170 669 3218 eimulolrot
679 3186 731 3218 rece
743 3170 818 3218 alteri
831 3169 906 3218 dore:

282 3252 347 3303 Tum
358 3253 392 3302 ad
404 3261 427 3302 te
440 3252 580 3302 ludibunda
592 3251 663 3300 docti
674 3259 699 3300 et
711 3251 819 3300 delicati
831 3251 930 3303 detulit.

115 3400 214 3462 Aliud
229 3401 399 3463 molestia:
416 3400 484 3460 sine
501 3398 781 3460 commiseratione
797 3417 900 3476 grave
915 3397 1088 3479 quoddam,
1099 3406 1134 3463 et

115 3504 182 3546 uno
195 3504 319 3565 pressu,
335 3504 375 3544 ae
391 3503 470 3544 sono
485 3482 681 3543 obductum:

215 3644 271 3704 Qui
283 3649 426 3706 tempectate
438 3642 517 3690 Porio
528 3642 649 3690 Helenam
661 3644 774 3706 innuptii
780 3645 872 3706 junxit
884 3645 990 3708 nuptiis,

212 3723 271 3787 Ego
284 3730 336 3771 tum
346 3722 462 3785 gravida,
475 3724 581 3786 expletio
586 3725 643 3785 jam
649 3722 708 3784 seri
719 3723 753 3772 ad
761 3724 912 3788 pariendum
922 3723 1067 3774 memilur:

212 3803 342 3854 Periclem
354 3811 450 3867 tempor
460 3804 613 3867 Polydorum
625 3806 728 3854 Hecuba
737 3813 816 3870 portu
825 3814 947 3870 poetrento
957 3807 1033 3871 parit.
