2452 4290
366 754 721 828 DIALOGUS

522 966 568 1001 SEU

92 1086 96 1093 ’
164 1109 167 1113 ’
251 1115 443 1183 urana
481 1116 833 1183 secaneos.

73 1477 95 1542 Ι.
118 1476 247 1542 Maeui
267 1477 362 1539 nobis
383 1479 502 1558 pueris
517 1477 641 1554 Quinte
657 1477 769 1549 frater,
784 1478 811 1539 si
827 1478 983 1539 memorii
1004 1489 1050 1542 te·

35 1584 96 1634 nes
111 1564 225 1645 opinio
240 1561 313 1634 fuit,
330 1561 366 1623 L.
383 1560 537 1623 Crassum
552 1583 617 1624 non
632 1564 706 1644 plus
721 1563 870 1640 attigisse
886 1562 1051 1638 doetrinae,

34 1649 126 1727 quim
142 1656 306 1728 quantum
329 1646 434 1727 primii
448 1646 504 1707 illa
518 1647 635 1727 puerili
657 1647 859 1708 institutione
874 1649 1051 1728 potuisset;

34 1730 208 1793 Mentem
224 1731 403 1792 Antonium
415 1729 545 1792 omnino
560 1733 665 1793 omnis
680 1730 869 1792 eruditionis
884 1741 1052 1812 expertem

35 1826 132 1903 atque
154 1817 312 1893 ignarum
334 1814 453 1875 fuisse:
476 1823 633 1894 erantque
655 1815 759 1886 multi,
774 1817 840 1894 qui,
861 1833 1052 1895 quanquam

34 1920 95 1961 non
111 1903 161 1961 ita
176 1918 250 1960 sese
266 1919 336 1959 rem
359 1898 480 1959 habere
497 1898 743 1969 arbitrarentur,
758 1908 879 1971 tamen,
895 1898 958 1978 qud
973 1899 1052 1962 saci-

35 1984 170 2045 nosnos
195 1985 358 2045 incensos.
369 1983 476 2044 studio
494 1982 624 2043 dicendi
639 2003 660 2043 a
675 1982 820 2044 doctrinai
841 1983 1052 2057 deterrerent,

36 2068 173 2131 libenter
195 2067 238 2139 id,
260 2065 346 2146 quod
367 2067 443 2139 dixi,
459 2066 498 2127 de
521 2067 586 2127 illis
609 2066 792 2129 oratoribus
815 2067 1052 2148 praedicarent3

36 2164 78 2225 nt,
93 2154 121 2214 si
145 2151 296 2212 homines
310 2171 376 2212 non
390 2149 508 2212 eruditi
530 2171 693 2212 summam
716 2161 824 2212 essent
845 2152 1053 2233 prudentiam

37 2249 132 2317 atque
148 2235 376 2297 incredibilem
392 2234 612 2314 eloquentiam
635 2237 810 2306 consecuti,
825 2232 932 2297 inanis
948 2241 1052 2299 omnis

37 2332 143 2383 noster
158 2339 232 2382 esse
255 2320 356 2389 labor,
372 2328 405 2380 et
420 2319 566 2391 stultum,
582 2322 615 2381 in
630 2319 723 2380 nobis
738 2319 931 2393 erudiendis
948 2324 1053 2401 patris

36 2407 145 2476 nostri,
161 2405 277 2485 optimi
294 2424 333 2465 ac
347 2402 599 2487 ¹prudentissimi
616 2404 693 2474 ·viri,
708 2403 851 2464 studium
876 2405 1052 2468 videretur.

37 2489 126 2565 Quos
142 2498 227 2560 tum,
240 2497 276 2549 ut
300 2489 403 2568 pueri,
417 2487 561 2549 refutare
577 2488 763 2549 domesticis
786 2488 933 2560 testibus,
948 2498 1052 2568 patre,

37 2586 65 2634 et
80 2573 116 2636 C.
130 2573 311 2642 Aculeone,
322 2572 502 2652 propinquo
516 2582 635 2643 nostro,
647 2580 680 2632 et
695 2570 731 2631 L.
745 2569 912 2641 Cicerone,
927 2582 1053 2650 patruo,

38 2657 235 2728 solebamus,
255 2655 339 2736 quod
364 2655 404 2715 de
427 2654 543 2717 Crasso
569 2664 673 2736 pater,
696 2663 729 2715 et
752 2655 877 2715 Aculeo
902 2655 1054 2733 (quocum

38 2754 104 2803 erat
120 2750 238 2803 nostra
248 2738 449 2816 matertera)
463 2759 561 2818 quern
573 2739 710 2808 Crassus
721 2738 833 2799 dilexit
849 2759 889 2799 ex
904 2740 1054 2804 omnibus

38 2827 225 2905 plurimum,
237 2834 270 2886 et
286 2833 433 2904 patruus,
448 2825 503 2902 qui
518 2845 594 2885 curn
610 2822 752 2885 Antonio
767 2824 801 2884 in
817 2822 967 2885 Ciliciam
982 2846 1053 2906 pro

38 2910 142 2972 fectus
156 2909 224 2970 unit
238 2909 434 2979 decesserat,
445 2909 551 2969 multa
566 2907 659 2969 nobis
674 2907 713 2969 de
730 2909 800 2986 ejus
816 2909 922 2971 studio
937 2909 1053 2973 doctri·

38 2996 140 3075 nique
154 2993 242 3073 saepe
257 2993 423 3053 narravit:
446 2993 584 3071 olimque
600 3012 668 3064 nos,
680 3012 754 3054 cum
767 2993 968 3055 consobrinis
982 3014 1054 3056 nos-

37 3081 102 3151 tris,
118 3078 299 3140 Aculeonis
314 3075 398 3141 filiis.
414 3085 447 3138 et
462 3097 503 3138 ea
515 3076 714 3139 disceremus
725 3097 797 3156 quae
813 3077 931 3139 Crasso
947 3078 1054 3158 place-

37 3173 119 3234 rent,
141 3172 176 3223 et
192 3161 236 3221 ab
259 3163 298 3221 iis
313 3159 508 3232 doctoribus
523 3160 640 3239 quibus
662 3162 717 3223 ille
740 3170 895 3233 uteretur,
911 3162 1051 3223 erudire·

38 3267 118 3318 mur,
133 3246 238 3308 etiam
260 3244 339 3306 illud
362 3245 448 3325 saepe
471 3245 691 3307 intelleximus
708 3244 795 3323 (eum
811 3262 955 3303 essemus
970 3247 1053 3321 ejus-

38 3332 133 3403 modi,
147 3330 235 3410 quod
251 3329 304 3390 vel
320 3330 413 3408 pueri
428 3332 549 3391 sentire
565 3325 767 3409 poteramus)
785 3325 876 3385 illum
893 3335 925 3386 et
940 3325 1054 3389 Graecd

38 3419 81 3478 sic
105 3415 206 3494 loqui,
221 3413 347 3474 nullam
363 3422 398 3473 ut
420 3413 514 3475 ndsse
531 3412 632 3474 aliam
655 3412 802 3487 linguam
824 3407 998 3481 videretur,
1021 3421 1055 3474 et

39 3499 224 3561 doctoribus
240 3498 358 3559 nostris
374 3517 415 3558 ea
437 3518 558 3578 ponere
580 3498 615 3556 in
636 3492 867 3575 percontando,
881 3513 986 3573 eaque
1008 3495 1054 3574 ip-

39 3603 108 3645 sum
124 3584 213 3645 omni
237 3584 269 3644 in
286 3601 435 3643 sermone
458 3591 613 3650 tractare,
628 3588 664 3639 ut
686 3576 766 3639 nibil
782 3597 853 3639 esse
870 3579 901 3639 ei
923 3598 1055 3651 novum,

39 3668 118 3730 nihil
130 3667 318 3730 inauditum
328 3667 503 3728 videretur.
548 3663 598 3726 De
611 3664 753 3724 Antonio
768 3663 856 3734 vero,
867 3682 1055 3742 quanquam

13 3752 14 3761 ’
40 3754 122 3836 sape
138 3773 182 3816 ex
202 3751 441 3814 humanissimo
454 3749 595 3819 homine,
610 3756 728 3829 patruo
746 3756 865 3820 nostro,
881 3766 1055 3830 accepera·
