2434 4286
316 376 358 418 nn
378 375 519 419 oureus
539 376 627 427 nnus
648 375 810 420 swanus.
1013 359 1073 418 18*

52 523 108 596 sic,
122 531 161 585 ut
184 543 253 586 non
272 523 421 603 fugiendi
437 523 549 596 hostis,
563 523 622 586 sed
636 523 789 605 capiendi
803 524 876 595 loci,
890 523 991 586 causa
1005 542 1073 586 oes-

11 646 12 649 =
52 611 132 670 sisse
143 608 270 670 videar.
302 609 452 671 Alterum
464 619 514 671 est
528 608 619 680 illud,
629 609 715 688 quod
725 629 788 687 ego
797 609 919 670 oratori
929 609 1074 670 maxime

52 692 241 754 cavendum
256 702 290 754 et
311 693 549 774 providendum
570 704 660 774 puto,
674 693 825 773 quodque
839 712 892 754 me
907 693 1073 754 solicitare

51 777 180 838 summe
196 777 302 839 solet:
316 797 382 839 non
396 786 467 839 tam
481 787 518 839 ut
532 780 655 858 prosim
665 779 783 850 causis,
793 775 963 840 elaborare
975 778 1074 849 soleo,

51 862 150 941 quim
165 871 261 923 utne
277 861 355 940 quid
369 861 492 933 obsIm3
507 882 573 924 non
583 863 662 942 quin
677 861 867 924 enitendum
882 863 924 923 sit
939 863 973 923 in
987 871 1074 924 utro·

52 965 115 1025 que
127 967 136 1017 ;
151 945 210 1007 sed
221 954 337 1008 tamen
347 946 451 1007 multo
462 956 512 1009 est
524 948 653 1028 turpius
667 948 798 1019 oratori,
809 948 959 1009 nocuisse
970 946 1086 1023 viderix
1131 992 1134 997 >

52 1049 173 1102 causae,
188 1030 288 1108 quarn
302 1050 368 1091 non
382 1029 553 1111 proluisse.

94 1112 242 1177 LXXIII.
272 1113 338 1177 Sed
358 1114 435 1194 quid
452 1114 514 1177 hoe
529 1114 601 1177 loco
615 1133 675 1176 vos
688 1115 774 1176 inter
788 1134 855 1187 vos,
870 1113 1007 1178 Catulei
1030 1136 1076 1180 an

52 1196 134 1270 hoec,
144 1206 184 1260 ut
199 1207 277 1260 sunt
292 1199 539 1271 contemnenda,
551 1196 780 1262 contemnitisl
811 1198 959 1272 Minime,
970 1201 1075 1280 inquit

52 1282 107 1343 ille
124 1302 133 1341 ε
156 1282 216 1343 sed
237 1281 349 1344 Caesar
363 1282 403 1344 de
423 1285 487 1345 isto
506 1286 577 1366 ipso
591 1283 745 1363 quiddam
760 1283 846 1345 velle
861 1283 969 1345 dloere
985 1284 1074 1348 vide·

52 1364 160 1427 batur.
207 1365 265 1429 Me
285 1367 364 1429 vero
386 1366 528 1439 lubente,
550 1368 656 1447 inquit
678 1367 849 1438 Antonine,
864 1367 990 1438 dixerit,
1004 1370 1074 1431 sive

53 1449 227 1512 refellendi
242 1451 352 1523 causis,
366 1453 436 1513 sive
452 1453 628 1531 quaerendi.

94 1534 185 1595 Tum
200 1534 319 1607 Julius,
333 1534 415 1613 Ego,
426 1535 624 1608 mehercule,
635 1536 751 1616 inquit,
762 1535 893 1608 Antoni,
908 1554 1038 1616 semper
1047 1537 1076 1598 is

53 1616 111 1689 tui,
126 1620 186 1697 qui
200 1618 241 1680 de
255 1628 289 1681 te
304 1631 434 1682 oratore
452 1622 498 1681 sie
516 1621 739 1701 praedicarem,
753 1639 855 1682 unum
870 1629 903 1681 te
918 1622 953 1681 in
967 1619 1076 1682 dicen·

53 1701 94 1763 do
109 1701 194 1763 mihi
208 1703 323 1776 videri,
337 1707 553 1766 tectissimum
564 1727 580 1777 ;·
594 1705 826 1786 propriumque
841 1703 903 1766 hoc
918 1724 989 1766 esse
1005 1705 1075 1766 lau-

54 1785 104 1848 dis
118 1796 198 1859 tuae,
213 1788 294 1849 nihil
311 1808 333 1849 a
346 1798 379 1851 te
394 1809 540 1869 unquam
555 1809 626 1851 esse
642 1790 775 1861 dietum,
790 1789 874 1869 quod
889 1788 1019 1850 obesset
1034 1790 1075 1861 ei,

54 1889 112 1952 pro
128 1890 195 1950 quo
210 1871 345 1934 diceres.
380 1873 479 1952 quue
494 1874 651 1935 memorii
664 1883 771 1945 tenen,
786 1876 860 1935 crim
875 1872 955 1934 mihi
970 1892 1077 1935 sermo

55 1975 131 2017 cum
146 1955 210 2018 hoc
226 1957 296 2036 ipso
308 1956 437 2030 Crasso,
452 1958 564 2019 multis
579 1957 797 2029 audientibus
812 1965 898 2018 esset
920 1957 959 2017 de
980 1966 1012 2018 te
1028 1959 1075 2018 in-

56 2041 199 2111 stitutus
217 2039 417 2122 Crassusque
439 2042 590 2123 plurimis
604 2041 713 2103 verbis
727 2042 948 2122 eloquentiam
963 2041 1076 2104 lauda·

55 2133 105 2185 ret
127 2132 235 2197 tuam,
255 2125 373 2187 dixisse
397 2146 460 2198 me,
480 2146 556 2187 eum
580 2128 707 2188 eaeteris
728 2128 794 2188 tuis
814 2125 966 2189 laudibus
989 2126 1076 2189 hano

56 2226 126 2269 esse
142 2208 198 2269 vel
214 2211 403 2281 maximam,
414 2210 499 2290 quod
515 2230 579 2273 non
594 2212 708 2283 solum,
723 2211 808 2290 quod
822 2226 905 2292 opus
919 2219 1015 2282 esset,
1029 2211 1075 2272 di-

56 2311 159 2364 cereS,
175 2293 357 2366 sedetiam,
372 2295 456 2374 quod
472 2315 538 2355 non
552 2313 635 2376 opus
649 2306 745 2366 esset,
760 2316 825 2357 non
840 2295 983 2357 diceres:
1005 2304 1077 2356 tum

56 2375 150 2438 illurn
166 2377 248 2438 mihi
261 2380 457 2459 respondere
472 2381 618 2451 memini,
629 2388 750 2441 caetera
765 2381 799 2441 iu
814 2389 847 2442 te
863 2380 989 2441 summe
1005 2398 1075 2441 esse

57 2459 246 2533 laudanda;
268 2462 349 2524 illud
364 2463 442 2525 vero
458 2462 683 2543 improbiesse
699 2462 838 2524 hominis
853 2473 887 2525 et
902 2462 1077 2543 perfidiosi‚

57 2542 167 2611 dicere
183 2546 269 2625 quod
284 2547 429 2609 alienum
441 2558 536 2619 esset,
548 2559 582 2609 et
596 2557 728 2609 noceret
744 2547 784 2618 ei,
796 2566 854 2626 pro
865 2566 929 2624 quo
940 2548 1076 2624 quisque

57 2627 202 2691 diceret:
218 2650 320 2708 quare
333 2650 397 2692 non
413 2631 475 2694 sibi
487 2651 563 2693 eum
575 2620 741 2701 disertum,
752 2632 807 2709 qui
819 2631 852 2692 id
867 2649 931 2691 non
942 2629 1077 2699 faceret,

57 2714 173 2786 videri,
188 2715 247 2775 sed
261 2715 455 2796 improbum,
466 2718 522 2796 qui
536 2715 670 2777 faceret.
701 2713 809 2786 Nune,
820 2716 848 2775 si
863 2713 924 2775 tibi
939 2713 1077 2785 videtur,

57 2798 193 2870 Antoni,
218 2799 419 2861 demonstres
444 2801 555 2871 veIIm,
576 2819 679 2879 quare
705 2809 741 2861 tu
764 2797 894 2860 hocita
919 2817 1077 2875 magnum

57 2891 164 2962 putes,
178 2882 261 2944 nihil
275 2885 310 2944 in
325 2884 426 2945 causi
439 2885 520 2946 mali
535 2885 655 2957 facere,
670 2893 707 2946 ut
729 2883 810 2945 nihil
825 2882 885 2945 tibi
900 2883 933 2945 in
949 2893 1077 2945 oratore

58 2969 168 3046 majus
183 2987 255 3028 esse
271 2968 433 3029 videatur.

100 3048 250 3112 LXXIV.
274 3050 393 3114 Dicam
409 3052 570 3132 equidem,
588 3052 709 3126 Caesar,
730 3054 845 3132 inquit,
862 3052 940 3132 quid
959 3052 1077 3113 intelli-

59 3154 161 3213 gam:
184 3136 243 3196 sed
264 3147 298 3197 et
318 3145 365 3208 tu,
383 3146 417 3199 et
440 3157 498 3198 vos
519 3157 641 3208 omnes,
655 3137 726 3209 hoe,
741 3139 855 3215 inquit,
870 3145 1078 3207 mementote,

59 3239 123 3280 non
139 3239 194 3281 me
210 3219 250 3281 de
265 3221 403 3300 perfecti
418 3223 556 3283 oratoris
566 3222 745 3282 divinitate
755 3219 896 3299 quidam
912 3220 1009 3297 loqui,
1020 3219 1076 3280 sed

59 3303 97 3364 de
128 3305 375 3366 exercitationis
401 3314 435 3367 et
464 3306 708 3367 consuetudInis
733 3322 816 3366 meae
841 3303 1075 3364 mediocritate.

58 3386 169 3449 Crassi
191 3388 323 3468 quidem
344 3409 536 3469 responsum
558 3389 749 3451 excellentis
771 3386 943 3465 cujusdam
958 3396 1009 3448 est
1030 3388 1077 3449 in·

59 3473 147 3550 genii
170 3492 211 3532 ac
228 3472 428 3551 ‘singularis3
451 3475 505 3535 eui
527 3472 681 3552 quiddam
706 3471 848 3554 portenti
873 3471 980 3532 simile
1005 3492 1076 3534 esse

59 3557 165 3617 visum
181 3567 240 3628 est,
255 3577 349 3638 posse
370 3558 514 3636 aliquem
535 3557 673 3618 inveniri
697 3566 868 3628 oratorem,
883 3557 938 3635 qui
954 3556 1075 3636 aliquid

58 3641 139 3702 mali
161 3641 288 3703 faceret
309 3641 456 3713 dicendo,
470 3641 664 3719 obessetque
685 3643 726 3712 ei,
748 3661 845 3721 quem
867 3640 1076 3703 defenderet:

60 3724 140 3787 facit
163 3727 251 3786 enim
273 3725 312 3786 de
335 3746 371 3787 se
394 3727 639 3804 conjecturam
662 3727 756 3805 cujus
778 3734 873 3787 tanta
888 3727 938 3805 qis
953 3727 1114 3803 ingenii.

60 3818 116 3882 est,
132 3818 170 3872 ut
191 3811 368 3881 neminem,
388 3811 451 3873 nisi
472 3810 629 3929 consulto,
647 3819 749 3888 putet,
763 3809 849 3886 quod
863 3819 979 3868 contra
992 3809 1074 3883 seip

531 3898 569 3951 12
