2434 4286
140 355 183 417 ιιι
399 363 894 412 mammaemamma-

139 529 209 584 tem
227 518 341 581 omnia
362 515 589 587 defenduntur,
603 533 677 594 quaa
691 522 768 577 sunt
789 515 862 592 eJ'us
872 513 1025 597 generis,
1038 519 1079 575 ιιι
1103 519 1171 579 aut

140 604 330 706 oportuerit,
342 610 401 663 aut
411 602 551 671 licuerit,
561 609 621 663 aut
635 618 770 660 necesse
781 598 890 671 fuerit,
902 605 961 660 aut
974 596 1170 679 impruden·

140 688 195 761 tia,
209 696 268 749 aut
292 705 381 758 casu,
396 685 488 747 facta
502 704 573 747 esse
589 683 773 745 videantur.
817 681 894 745 Jam
914 682 992 779 quid
1016 692 1172 754 vocetur,

140 774 308 854 quaritur,
321 773 405 843 cum,
421 790 491 868 quo.
501 769 601 830 verbo
616 767 695 848 quid
712 766 947 847 appellandum
961 768 1014 838 sit,
1030 774 1170 828 conteu-

140 857 189 919 dit
178 868 250 928 t;ur
272 865 308 917 ut
330 854 440 917 mihi
432 855 506 934 1psi
517 872 594 915 cum
619 851 681 914 hoc
703 850 849 949 Sulpicio
872 850 964 913 fuit
955 871 990 912 m
1011 850 1172 913 Norbani

142 960 245 1004 causa
265 959 396 1001 summa
411 947 543 1000 content
544 939 595 998 io:
616 938 776 1018 pleraque
791 936 879 1001 enirn
901 936 977 997 de'
957 955 1007 1006 us,
1022 955 1113 1033 quae·
1120 935 1172 999 ab

141 1027 184 1087 ist
185 1045 205 1087 ο
219 1024 469 1103 objiciebantur,
485 1023 560 1084 cum
582 1021 764 1094 confiterer,
778 1030 893 1083 tamen
907 1019 952 1082 ab
974 1020 1030 1081 illo
1045 1021 1172 1098 majes-

142 1118 248 1172 tatem
262 1110 424 1171 minutam
445 1106 629 1185 negabam.
651 1125 694 1168 ex
710 1125 775 1185 quo
790 1104 901 1176 verbo,
916 1105 991 1182 lege
1013 1104 1173 1185 Apuleia,

142 1202 215 1256 tota
238 1194 296 1255 illa
311 1213 415 1255 causa
437 1190 611 1290 pendebat
655 1190 789 1270 Atque
780 1210 814 1251 ιιι
832 1189 894 1251 hcc
909 1208 1031 1267 genere
1047 1208 1172 1251 causae

142 1297 218 1339 rum
232 1278 379 1339 nonnulli
399 1277 653 1358 praecipiuntmrt
617 1274 805 1337 utverbum
820 1272 910 1345 illud,
926 1274 1010 1353 quod
1026 1291 1173 1336 causam

143 1359 237 1435 facit,
257 1361 365 1424 lucide
387 1362 593 1439 breviterque
615 1359 761 1421 definiat
806 1356 905 1433 Quod
926 1358 1009 1419 mihi
1032 1357 1173 1437 quidem

144 1465 304 1526 perquam
325 1447 452 1527 puerile
467 1445 572 1507 videri
594 1445 696 1506 soleti
720 1443 790 1505 alia
804 1452 854 1504 est
868 1443 966 1514 enim,
981 1443 1057 1504 etim
1079 1443 1174 1505 iuter

144 1530 256 1592 doctos
269 1529 426 1602 homines
441 1530 517 1591 de
497 1550 538 1591 us
555 1530 633 1609 ipsis
648 1528 746 1590 rebus
760 1546 832 1606 quae
847 1535 1022 1589 versantur
1036 1528 1069 1587 in
1086 1528 1173 1589 arti·

143 1614 215 1686 buu,
237 1614 432 1695 disputatur,
455 1614 629 1675 verborum
651 1612 817 1682 definitio,
838 1620 884 1683 ut,
900 1612 974 1673 cum
997 1612 1173 1691 quaeritur,

144 1699 223 1779 quid
240 1700 284 1759 sit
296 1719 361 1770 ars,
376 1698 455 1778 quid
475 1699 518 1759 sit
533 1699 596 1768 lex,
611 1696 690 1793 quid
703 1698 746 1757 sit
761 1697 898 1757 civitas:
920 1696 953 1757 in
968 1695 1087 1775 quibus
1102 1695 1172 1758 hoc

143 1783 292 1881 praecipit
307 1785 392 1857 rat-io
407 1792 506 1862 atque
522 1781 623 1843 ιιοιι
585 1790 681 1852 tuna,
695 1791 732 1841 ut
747 1782 798 1842 vis
812 1781 884 1859 ejus
898 1781 957 1852 rei,
970 1799 1072 1859 quam
1087 1779 1171 1845 defi-

144 1869 226 1939 nias,
238 1868 285 1929 sic
300 1868 511 1949 exprimatur,
522 1876 559 1927 ut
574 1885 679 1944 neque
695 1864 782 1927 absit
796 1864 983 1944 quidquam,
995 1884 1101 1944 neque
1113 1886 1171 1928 su-

144 1954 254 2033 persit.
298 1951 396 2028 Quod
411 1950 561 2031 quidem
554 1970 587 2012 ιιι
599 1949 684 2011 illa
666 1950 766 2011 eausa
779 1969 885 2029 neque
898 1948 1063 2029 Sulpicius
1075 1948 1171 2023 fecit,

144 2055 250 2115 neque
266 2057 328 2114 ego
340 2037 450 2098 facere
465 2044 564 2097 conat
566 2055 604 2096 us
619 2054 700 2095 sum.
745 2032 844 2105 Nam,
855 2042 1015 2113 quantum
1027 2042 1170 2114 uterque

143 2121 290 2182 nostrum
304 2122 421 2217 potuit,
436 2122 524 2181 omni
540 2119 634 2200 copia
648 2118 777 2180 dicendi
799 2118 882 2180 dilat
884 2120 970 2189 avit,-
978 2117 1054 2197 quid
1077 2128 1171 2182 esset

142 2206 353 2282 majestatem
365 2207 536 2266 minuera-
568 2204 702 2266 Etenim
716 2202 862 2264 definitio
884 2204 1034 2283 primum,
1056 2221 1170 2284 repre·

143 2286 245 2349 hensc
259 2288 361 2351 verbo
376 2308 450 2360 ιιιιο,
465 2298 524 2351 aut
539 2289 659 2360 addito,
675 2296 733 2349 aut
754 2287 874 2360 demto,
888 2287 975 2368 saepe
993 2296 1170 2367 extorque·

143 2381 198 2433 tur
218 2393 238 2433 e
261 2373 432 2434 manibus:
455 2372 571 2435 deiude
594 2392 716 2451 genere
741 2373 812 2451 ipso
833 2371 1016 2434 doctrinam
1038 2371 1170 2434 redolet

143 2457 478 2536 exercitationemque
493 2476 586 2555 paene
602 2457 781 2537 puerilem:
804 2466 920 2518 tumet
935 2457 1119 2518 insensum
1132 2467 1170 2519 et

142 2541 177 2602 in
193 2551 337 2604 mentem
356 2541 479 2640 J'udicis
501 2543 625 2603 intrare
640 2561 705 2603 ιιοιι
727 2549 853 2622 potest:
879 2541 956 2602 ante
971 2541 1061 2603 enim
1082 2560 1168 2665 prae·

143 2624 325 2699 terlabitur,
340 2626 436 2724 quam
451 2636 609 2707 percepta
623 2635 682 2687 est

185 2708 304 2772 XXVI.
326 2709 415 2772 Sed
407 2730 441 2772 m
456 2731 495 2772 eo
509 2730 641 2807 genere,
656 2711 778 2788 inquo,
793 2709 891 2788 quale
906 2709 949 2771 sit
960 2708 1047 2789 quid,
1060 2709 1167 2773 ambi·

143 2794 240 2871 gitur,
255 2796 383 2856 exsistit
402 2796 505 2856 etiam
520 2815 561 2856 ex
576 2795 688 2875 scripti
702 2795 971 2873 interpretatione
986 2795 1073 2874 saepe
1089 2814 1167 2856 con-

142 2878 255 2948 tentio,
271 2878 305 2939 in
320 2897 384 2956 quo
399 2878 490 2940 nulla
504 2888 614 2976 potest
630 2898 711 2950 esse,
725 2879 788 2939 nisi
803 2898 844 2939 ex
859 2876 1025 2956 ambiguo,
1037 2888 1167 2940 contro·

144 2963 260 3022 versia.
305 2960 393 3023 Nam
409 2963 705 3042 illudipsum,ci1m
719 2963 878 3043 scriptum
892 2982 913 3023 a
924 2962 1087 3024 sententia
1100 2963 1167 3024 dis·

143 3053 266 3125 crepat,
278 3063 383 3122 genus
394 3046 557 3137 quoddam
573 3047 672 3109 habet
659 3046 855 3125 tambigui;
877 3046 964 3127 quod
977 3056 1049 3108 tum
1060 3048 1166 3126 explr

141 3137 247 3201 catur,
259 3130 334 3191 cum
348 3150 390 3191 ea
405 3122 516 3203 verba,
528 3151 600 3210 quae
615 3132 732 3192 desunt
734 3138 889 3209 ,tsugges
890 3151 912 3191 a
927 3139 1020 3192 sunt·
1012 3132 1167 3210 ,quibus

142 3213 270 3285 additis,
280 3213 474 3283 defenditur,
485 3217 682 3277 sententiam
698 3217 810 3296 scripti
826 3217 1034 3296 perspicuam
1044 3215 1165 3289 l'uisseJ

142 3307 175 3358 et
196 3318 238 3359 ex
254 3300 428 3361 contrariis
451 3300 580 3380 scriptis
595 3302 622 3360 si
643 3298 723 3378 quid
748 3299 937 3378 ambigitur,
951 3319 1015 3361 non
1039 3320 1165 3364 novum

141 3401 246 3460 genus
262 3384 416 3456 nascitur,
431 3383 487 3445 sed
503 3385 678 3464 superioris
693 3386 823 3462 generis
838 3404 942 3446 causa
956 3383 1164 3465 duplicatur:

141 3466 238 3545 idque
251 3476 310 3527 aut
325 3486 493 3547 nunquam
505 3467 678 3546 dijudicari
693 3476 749 3549 pot
736 3471 820 3540 t,crit
832 3477 891 3530 aut
905 3470 954 3530 ita
968 3468 1164 3549 diJ'udicabi-

138 3558 202 3623 tur,
222 3559 268 3622 ut,
282 3549 460 3614 referendis
481 3555 626 3634 praeterit
628 3555 655 3614 is
614 3552 795 3614 tverbis
817 3551 850 3614 id
874 3554 1040 3634 scriptum,
1062 3554 1163 3632 quod·

141 3652 270 3733 cunque
285 3634 498 3709 defendimus
513 3638 714 3718 suppleatur.
759 3637 810 3699 Ita
825 3637 871 3710 fit,
886 3647 923 3700 ut
937 3657 1039 3700 unum
1055 3659 1163 3717 genus

140 3718 237 3780 iniis
259 3721 378 3793 causis,
393 3739 466 3799 quae
483 3733 617 3803 propter
640 3724 798 3803 seriptum
819 3723 1042 3801 ambiguntur,
1064 3723 1161 3787 relin-

139 3811 271 3880 quatur,
284 3805 315 3866 si
329 3813 380 3867 est
394 3807 552 3887 scriptum
566 3805 691 3887 aliquid
711 3805 876 3886 ambigue
920 3807 1162 3889 Ambiguorum
