2444 4276
153 337 208 394 uc
417 353 457 397 un
478 355 620 397 carrona
641 357 730 399 uuna
751 358 887 400 suarius.

145 493 313 562 senecrbte
328 509 389 570 est.
404 510 438 562 et
460 495 604 580 quotidie
626 510 885 569 commentatur:
909 499 989 560 nihil
1006 501 1095 563 enim
1112 483 1167 560 οἷ-

145 594 198 645 rat
220 584 329 646 aliud:
353 593 388 645 at
411 583 454 660 Q.
471 584 628 649 Velocius
650 603 731 663 puer
753 583 976 645 addidicerat:
1000 582 1060 643 sed
1080 584 1153 662 quoi
1207 620 1208 627 κ

146 676 329 814 ῗέἑῧξξὲιε
345 669 388 735 ad
402 666 493 741 illud,
504 677 673 746 totumque
689 664 856 744 cogndrat,
871 667 943 739 fuit,
958 675 995 728 ut
1010 676 1061 728 est
1076 665 1168 748 apud

312 797 320 824 9

318 941 424 954 —-—-
435 914 552 983 quamvis
565 913 645 966 bonus
657 913 712 983 ipsc

320 1003 427 1055 Samnis
438 1003 548 1068 inludo,
560 1021 591 1056 ac
602 1004 711 1057 rudibus
723 1003 805 1056 cuivis
817 1003 884 1055 satis
896 1019 989 1073 asper:

145 1170 202 1233 sed
218 1171 291 1251 plus
306 1190 413 1251 operae
428 1169 497 1233 foro
512 1171 689 1244 tribuebat,
704 1172 830 1243 amicis
843 1172 891 1233 rei
906 1169 1074 1233 familiari.
1097 1169 1166 1233 Va·

145 1255 244 1316 lerius
266 1253 409 1334 quoffdie
433 1254 615 1317 cantabat:
638 1264 709 1317 erat
728 1256 816 1317 enim
830 1257 1000 1319 scenicus:
1023 1254 1101 1339 quid
1118 1255 1166 1316 fa·

145 1352 235 1403 cerer
261 1335 374 1399 aliudl
421 1339 464 1401 At
490 1337 669 1401 Numerius
693 1338 823 1411 Furius,
846 1347 956 1400 noster
980 1339 1166 1411 familiaris

145 1425 220 1484 curn
244 1432 294 1484 est
316 1421 531 1495 commodum,
553 1432 691 1484 cantat:
715 1434 765 1485 est
789 1424 877 1484 eniln
900 1422 1157 1503 pater-familias

145 1516 195 1569 est
220 1527 319 1586 eques
333 1505 523 1569 Remanus:
545 1527 628 1588 puer
642 1506 763 1579 didicit,
778 1506 863 1587 quod
885 1506 1076 1567 discendum
1091 1506 1165 1567 fuit.

146 1589 273 1652 Eadem
295 1592 381 1663 ratio
405 1599 454 1655 est
477 1589 594 1652 harum
618 1592 738 1652 artium
760 1592 987 1652 maximarum.
1032 1586 1115 1651 Dies
1132 1600 1166 1652 et

144 1685 258 1735 noctes
283 1676 390 1736 virum
414 1675 541 1735 summit
563 1669 684 1742 virtute
709 1683 743 1736 et
765 1672 936 1756 prudentia
958 1673 1166 1746 videbamus

144 1757 336 1839 philosopho
351 1760 425 1819 eum
441 1778 575 1839 operam
590 1758 693 1830 daret,
707 1758 749 1835 Q.
765 1758 984 1827 Tuberonem.
1028 1758 1074 1819 At
1091 1761 1165 1837 ejus

145 1843 345 1904 avunculum
361 1843 416 1903 vix
431 1843 630 1920 intelligeres
649 1842 682 1905 id
697 1862 806 1922 agere,
821 1844 896 1903 cum
911 1851 1025 1922 ageret
1039 1851 1165 1909 tamen.

145 1925 347 1988 Africanum.
392 1925 459 1988 Ista
482 1925 650 1988 discuntur
665 1926 771 1997 facile,
786 1927 814 1988 si
837 1935 870 1996 et
894 1934 1024 1988 tantum
1040 1945 1164 2000 sumas,

144 2020 304 2088 quantum
319 2030 401 2091 opus
416 2011 466 2082 sit,
481 2019 514 2072 et
532 2008 667 2083 habeaS,
683 2012 738 2090 qui
759 2010 874 2071 docere
892 2009 1035 2072 fidelitur
1049 2014 1164 2091 possit,

94 2148 97 2153 ,
145 2102 177 2154 et
201 2096 286 2154 scias
300 2096 402 2156 etiarn
417 2094 487 2174 ipse
502 2092 636 2154 discere.
682 2094 756 2165 Sed,
771 2095 798 2155 si
818 2094 887 2155 tota
901 2096 969 2155 vita
983 2093 1063 2155 nihil
1081 2096 1164 2157 velis

145 2176 234 2241 aliud
249 2197 358 2254 agere,
373 2180 445 2258 ipsa
459 2172 614 2238 tractatio
629 2187 661 2240 et
676 2179 811 2258 quaestio
826 2177 968 2259 quotidie
984 2198 1026 2240 ex
1041 2198 1076 2240 se
1094 2180 1163 2259 gig·

144 2269 201 2320 nat
226 2259 357 2339 aliquid,
381 2258 466 2341 quod
490 2280 565 2322 curn
589 2261 747 2323 desidiosa
769 2255 985 2324 delectatione
1006 2265 1162 2342 vestiges

143 2341 193 2435 lta
208 2343 255 2415 lit,
270 2354 307 2404 ut
329 2346 468 2441 agitatio
490 2365 599 2406 rerum
622 2349 664 2407 sit
683 2336 820 2417 inmuta,
836 2342 980 2424 cognitio
1002 2345 1121 2419 facille,
1136 2349 1163 2410 si

144 2446 221 2487 usus
250 2427 433 2489 doctrinam
459 2429 637 2501 confirmet,
662 2430 835 2490 mediocris
860 2450 961 2511 opera
986 2430 1162 2504 tribuatur,

143 2513 301 2575 memoria
317 2512 523 2592 studiumque
539 2523 740 2593 permaneat.
786 2513 881 2576 Libet
905 2522 1017 2576 autem
1032 2534 1163 2596 semper

144 2594 289 2668 discere3
312 2605 356 2669 ut,
380 2597 408 2657 si
431 2597 533 2657 velim
556 2617 618 2675 ego
641 2597 717 2658 talis
737 2598 858 2677 optime
875 2594 997 2670 lr'rdere,
1013 2606 1071 2659 aut
1085 2600 1163 2680 pilae

143 2679 250 2742 studio
275 2690 399 2751 tenear,
425 2683 535 2751 etiam,
559 2682 757 2751 fortasse‚·si
783 2683 914 2760 assequi
939 2701 1004 2742 non
1026 2685 1162 2763 possim.

143 2762 187 2822 At
226 2763 292 2833 alii,
326 2765 403 2843 quia
440 2765 596 2843 praeclare
634 2764 769 2835 faciunt,
798 2764 1032 2836 vehementibs
1062 2768 1163 2845 quam
1207 2772 1208 2857 l

143 2865 246 2906 causa
265 2848 419 2927 postulat,
434 2847 649 2920 delectantur,
664 2857 700 2909 ut
724 2847 829 2909 Titius
851 2850 926 2930 pila,
941 2848 1057 2911 Brulla
1071 2852 1161 2913 talis
1207 2896 1208 2907 ,

143 2929 255 3003 Quare
270 2929 351 2991 nihil
374 2940 432 3001 est,
448 2931 532 3009 qubd
556 2934 728 3012 quisquam
752 2933 1012 3011 magnitudinem
1036 2937 1162 2997 artium

143 3032 184 3072 ex
206 3035 255 3085 eo,
275 3013 360 3092 qued
383 3033 478 3075 senes
500 3015 637 3086 discunt,
659 3016 877 3097 pertimescat.
922 3015 1077 3096 Namque
1102 3029 1161 3082 aut

142 3117 236 3158 senes
251 3096 293 3158 ad
308 3118 366 3158 eas
381 3110 611 3171 accesserunt3
634 3110 692 3161 aut
713 3120 816 3180 usque
832 3100 875 3162 ad
897 3109 1102 3163 senectutem
1127 3106 1161 3165 iu

142 3182 257 3242 studiis
272 3180 457 3243 detinentur
470 3206 477 3255 3
501 3194 559 3246 aut
574 3194 649 3246 sunt
664 3184 849 3245 tardissimi.
885 3184 951 3248 Res
967 3185 1100 3264 quidem
1116 3207 1161 3260 se,

142 3266 385 3339 increementa,
401 3268 446 3328 sic
463 3266 571 3341 habet,
582 3279 629 3339 ut,
640 3270 703 3329 nisi
718 3267 803 3348 quod
815 3269 949 3348 quisque
965 3268 1030 3330 cito
1044 3281 1160 3350 potue·
1204 3312 1208 3351 ,1

141 3349 193 3418 rit,
208 3370 375 3428 nunquam
390 3352 522 3412 omnino
537 3353 638 3432 possit
653 3351 847 3432 perdiscere.
1207 3406 1208 3411 ,

183 3431 299 3494 XXIV.
323 3432 409 3505 Jam,
416 3437 498 3512 jam,
507 3438 610 3514 inquit
621 3435 767 3507 Catulus
777 3435 934 3514 intelligo,
943 3435 1070 3509 Crasse,
1080 3438 1160 3518 quid
1207 3442 1208 3445 ’

116 3548 122 3557 -
141 3514 249 3587 dicas3
273 3525 314 3587 et,
325 3516 468 3589 hercule,
480 3522 646 3581 assentior.
684 3518 772 3580 Satis
783 3519 880 3580 video
895 3520 963 3593 tibi,
975 3520 1101 3584 homini
1117 3524 1160 3585 ad

140 3598 387 3676 perdiscendum
410 3605 579 3676 acerrimo,
594 3603 637 3667 ad
658 3624 700 3666 ea
726 3604 962 3681 cognoscenda,
977 3624 1049 3684 quae
1065 3605 1160 3681 dicis,

140 3680 239 3741 fuisse
255 3684 418 3760 temporis.

69 3769 73 3783 '
181 3761 346 3840 Pergisne,
361 3765 464 3843 inquit
487 3766 633 3841 Crassus
648 3789 711 3841 me,
726 3789 798 3850 quaa
819 3769 936 3844 dicam,
956 3770 995 3834 de
1012 3794 1076 3841 me.
1091 3794 1158 3837 non
