2434 4286
85 431 89 437 ὁ
150 357 195 417 98
412 372 452 414 na
472 371 614 412 orauere
635 371 725 412 rnna
746 371 908 419 moruus.

149 523 201 585 nis
215 529 314 600 atque
329 519 539 600 temporibus
554 519 594 581 de
606 520 764 580 'universo
779 538 900 596 genere
915 526 1102 599 quaeratur3
1127 519 1180 582 al-

149 616 267 677 terum,
289 606 374 684 quod
400 605 547 685 personis
573 606 671 664 certis
694 614 728 665 et
749 604 951 683 temporibus
974 603 1180 675 definiatur-3

149 691 267 770 ignari,
282 709 395 751 omnes
415 690 654 750 controversias
669 688 712 748 ad
733 689 879 749 universi
903 689 1032 766 generis
1047 689 1116 748 vim
1143 699 1181 748 et

149 785 305 837 naturam
329 773 452 834 referri.
497 771 587 834 Nam
610 774 642 833 in
668 773 707 833 ed
728 772 798 852 ipsa
820 774 929 843 causi,
951 772 991 833 de
1014 772 1180 851 quiante

150 859 226 930 dixi,
238 859 317 920 nihil
334 859 474 938 pertinet
490 857 532 918 ad
544 858 684 918 oratoris
695 857 783 918 locos
792 855 913 936 Opimii
928 876 1078 937 persona,
1091 855 1181 918 nihil

150 941 256 1006 Decii.
300 941 350 1005 De
375 943 446 1022 ipso
462 942 549 1002 enim
564 943 716 1003 universo
738 961 859 1018 genere
883 941 1013 1002 infinita
1035 942 1181 1019 quaestio

151 1036 210 1100 est,
225 1047 305 1088 num
324 1027 422 1107 pcenb
436 1027 587 1089 videatur
611 1046 682 1087 esse
705 1024 906 1095 afficiendus,
922 1027 977 1104 qui
999 1026 1108 1086 civem
1133 1045 1181 1088 ex

151 1112 443 1185 senatiisconsulto,
458 1112 573 1191 patriae
588 1109 820 1171 conservandae
836 1110 946 1181 causa,
961 1111 1182 1181 interemerit,

152 1198 227 1259 cirm
241 1196 275 1256 id
289 1216 348 1276 per
370 1195 459 1272 leges
474 1215 539 1255 non
554 1195 676 1256 liceret.
721 1193 823 1256 Nulla
839 1193 977 1272 denique
994 1203 1043 1254 est
1059 1213 1181 1266 causa,

151 1282 185 1343 in
206 1281 270 1359 qud
294 1279 335 1352 id,
350 1280 437 1358 quod
460 1281 494 1340 in
513 1279 675 1359 judicium
691 1281 792 1340 venit.
808 1299 848 1339 ex
864 1299 993 1340 reorum
1015 1280 1181 1358 personis,

151 1385 216 1426 non
232 1384 390 1443 generum
413 1366 558 1445 ipsorum
573 1364 726 1424 universa
748 1362 981 1444 disputatione,
995 1372 1180 1442 quaeratur.

142 1448 346 1526 'Quinetiam
362 1450 395 1510 in
410 1450 450 1509 iis
465 1450 553 1528 ipsiS,
570 1448 624 1508 ubi
641 1447 680 1509 de
696 1447 785 1508 facto
801 1446 989 1525 ambigitur,
1004 1449 1181 1527 ceperitne

152 1544 268 1596 contra
279 1535 369 1611 leges
385 1535 543 1613 pecunias
554 1531 588 1595 P.
600 1531 732 1603 Decius,
745 1541 942 1609 argumenta
954 1542 987 1592 et
999 1532 1114 1592 crimin
1120 1552 1182 1593 um

152 1627 185 1681 et
201 1617 398 1679 defensionis
419 1627 615 1683 revocentur
629 1626 756 1696 oportet
772 1616 814 1677 ad
836 1636 949 1693 genus,
965 1626 997 1677 et
1020 1615 1063 1676 ad
1078 1626 1181 1679 natu-

152 1723 225 1764 ram
240 1703 447 1764 universam:
471 1700 556 1780 quod
578 1714 774 1772 sumtuosuS,
789 1701 829 1763 de
845 1701 991 1772 luxurii3
1013 1700 1099 1779 quod
1116 1703 1181 1763 ali-

153 1788 207 1851 eni
229 1795 398 1868 appetem,
413 1784 453 1846 de
470 1786 630 1857 avaritii3
653 1784 737 1864 qubd
753 1785 934 1853 seditiosus,
950 1785 989 1846 de
1005 1784 1181 1848 turbulen-

154 1874 194 1934 tis
210 1882 242 1933 et
264 1871 360 1932 malis
376 1870 525 1941 civibus3
548 1869 634 1949 qubd
650 1890 671 1931 a
685 1871 797 1931 multis
812 1871 973 1947 arguitur,
988 1870 1028 1930 de
1051 1889 1181 1947 genere

152 1958 306 2020 testium:
329 1956 515 2034 contraque,
531 1975 604 2034 quae
619 1974 677 2034 pro
692 1974 748 2016 reo
763 1955 921 2035 dicentur,
936 1956 1047 2023 omnia
1061 1974 1181 2016 neces-

154 2041 240 2103 sarib
255 2062 277 2100 a
291 2050 437 2120 tempore
461 2049 559 2117 atque
584 2037 714 2100 homine
730 2039 773 2100 ad
795 2059 986 2110 communes
1007 2056 1120 2100 rorum
1144 2050 1183 2101 et

154 2145 311 2205 generum
326 2143 472 2186 summas
487 2124 705 2185 revolventur.
751 2124 859 2202 Atque
882 2122 951 2185 haec
967 2123 1104 2184 forsitan
1120 2122 1182 2186 ho-

153 2210 243 2280 mini,
265 2229 329 2269 non
352 2210 472 2279 omnia,
495 2228 567 2287 quae
590 2219 666 2270 sunt
689 2210 722 2268 in
744 2209 862 2268 naturai
882 2228 999 2279 rerum,
1023 2207 1183 2271 celeriter

154 2296 265 2356 animo
288 2291 587 2372 comprehendenti,
609 2293 774 2374 permulta
797 2293 980 2364 videantur,
995 2313 1067 2372 qure
1083 2295 1181 2354 veni·

155 2388 213 2440 ant
229 2380 263 2439 in
273 2375 436 2455 judicium
447 2385 527 2449 tum,
540 2380 614 2438 cum
629 2377 669 2438 de
682 2376 770 2439 facto
782 2386 966 2455 quaeratur:
989 2376 1045 2438 sed
1059 2386 1181 2440 tamen

155 2464 328 2525 criminum
343 2470 392 2522 est
414 2461 600 2535 multitudo,
616 2483 680 2524 non
695 2462 921 2524 defensionum
939 2472 997 2522 aut
1019 2462 1182 2535 locorum,

154 2548 294 2609 infinita.

196 2631 328 2696 XXXII.
352 2631 437 2708 Quae
452 2631 540 2703 verb,
556 2633 631 2693 cum
646 2631 686 2694 de
702 2632 790 2695 facto
806 2655 872 2695 non
887 2633 1076 2711 ambigitur,
1087 2651 1180 2712 quee-

154 2727 278 2790 runtur,
291 2717 404 2798 qualia
419 2719 503 2789 sint;
527 2737 577 2788 ea,
589 2719 616 2778 si
632 2738 673 2779 ex
688 2719 926 2790 reisnumeres‚
941 2727 974 2780 et
989 2720 1181 2780 innumera-

154 2802 236 2862 bilia
251 2812 335 2874 sunt,
351 2815 384 2862 et
408 2801 567 2873 obscurem
590 2803 618 2862 si
633 2822 674 2862 ex
695 2801 804 2874 rebus
819 2802 916 2864 valde
925 2811 965 2865 ,et
987 2803 1127 2875 modica,
1142 2813 1182 2866 et

153 2886 304 2948 illustria.
348 2884 438 2947 Nam
453 2888 480 2946 si
496 2885 645 2947 Mancini
661 2906 798 2948 causam
812 2888 846 2948 in
860 2906 926 2949 uno
947 2886 1104 2949 Mancino
1119 2907 1181 2969 po-

154 2971 272 3041 nimus
287 2972 543 3049 quotiescunque
566 2972 604 3042 ie,
619 2991 716 3051 quem
738 2981 986 3051 paterpatratus
1007 2971 1182 3046 dediderit,

96 3118 101 3131 ,
154 3062 306 3134 receptus
328 3074 393 3114 non
415 3056 485 3125 erit,
500 3056 597 3115 toties
620 3075 723 3116 causa
740 3076 828 3116 nova
850 3066 1013 3117 nascetur.
1058 3055 1118 3117 Sin
1141 3059 1182 3120 in

154 3139 211 3201 ille
226 3140 445 3200 controversia
464 3136 601 3200 causam
615 3138 706 3210 facit,
729 3140 924 3202 videaturne
940 3141 980 3211 ei,
995 3159 1094 3219 quem
1117 3160 1181 3222 pa-

154 3232 356 3304 terpatrutus
368 3221 537 3294 dediderit,
549 3224 576 3282 si
591 3225 618 3284 is
633 3245 697 3285 non
709 3225 751 3285 sit
766 3234 926 3306 receptus,
938 3225 1181 3305 postliminium

155 3328 246 3380 esse;
269 3307 349 3369 nihil
365 3306 407 3368 ad
424 3318 529 3369 artem
551 3306 690 3380 dicendi,
705 3329 766 3370 nec
788 3310 831 3370 ad
852 3317 1050 3387 argumenta
1064 3307 1180 3372 defen-

154 3394 263 3462 sionis
279 3391 429 3454 Mancini
443 3411 561 3454 nomen
577 3394 728 3471 pertinet.
774 3394 833 3466 Ac,
848 3397 876 3455 si
890 3394 967 3474 quid
983 3392 1080 3455 affert
1094 3414 1180 3475 prae·

154 3485 248 3538 terea
263 3476 402 3537 hominis
418 3485 476 3537 aut
492 3476 636 3553 dignitas
651 3486 709 3538 aut
731 3478 919 3556 indignitas,
933 3487 1027 3539 extra
1045 3483 1179 3557 quaesti-

154 3580 251 3622 onem
266 3569 334 3632 est;
357 3568 391 3621 et
406 3580 449 3620 ee
470 3571 583 3623 tamen
603 3563 675 3642 ipsa
690 3563 794 3624 oratio
810 3562 853 3624 ad
875 3563 1020 3625 universi
1043 3566 1181 3641 generis

154 3643 411 3725 disputationem
435 3644 598 3706 referatur
620 3665 753 3707 necesse
769 3656 827 3708 est.
873 3647 955 3709 Haec
971 3668 1033 3725 ego
1048 3668 1114 3711 non
1136 3671 1179 3714 eo

155 3729 290 3790 consilio
304 3727 444 3810 disputo,
460 3739 496 3789 ut
511 3728 659 3792 homines
674 3730 817 3792 emditos
832 3731 1049 3811 redarguam3
1072 3753 1178 3814 quan-

155 3829 257 3890 quam
267 3812 527 3893 reprehendendi
538 3823 623 3889 sunt,
632 3816 697 3897 qui,
707 3816 741 3877 in
753 3835 874 3894 genere
886 3817 1082 3888 definiendo.
1093 3819 1179 3884 iste-s
