2434 4286
142 345 204 406 152
401 361 440 404 na
461 361 601 404 ommia
621 362 710 405 unna
730 362 891 407 susumus.

139 527 204 570 non
228 507 445 588 impudentis;
467 506 547 569 illud
569 507 701 588 quidem
726 510 824 580 certe,
849 529 916 571 non
941 510 1039 572 nimis
1062 528 1155 573 vere-
1211 520 1212 587 l

140 590 259 664 eundi3
288 594 344 670 qui
377 592 517 671 quidem,
546 594 621 652 crim
649 603 691 664 te,
721 591 848 665 Catule,
876 603 948 655 tum
977 595 1080 655 etiam
1115 594 1154 656 L.

139 673 258 736 Crasso
283 674 446 746 audiente,
455 674 508 752 “de
533 675 661 737 dicendi
690 679 815 737 ratione
838 686 908 737 tarn
935 677 1043 741 multa
1065 678 1154 738 dixe·
1211 710 1212 741 ;

138 759 225 819 rim:
247 779 325 819 nam
346 759 482 819 istorum
498 767 580 820 aetas
600 760 708 820 minus
726 778 779 821 me
794 759 932 821 sortasse
951 779 1084 821 movere
1100 761 1156 822 de-

138 840 218 902 buit.
262 841 328 903 Sed
347 841 427 904 mihi
443 842 617 920 ignoscetis
632 841 785 923 profecto,
801 842 947 913 simodo,
962 863 1035 921 quae
1051 864 1157 905 causa

138 943 191 986 me
208 925 250 985 nd
270 925 355 987 banc
375 925 540 989 insolitam
559 925 640 987 mihi
659 925 893 1005 loquacitatem
908 927 1085 1006 impulerit,
1101 947 1156 988 ae·

139 1010 300 1087 ceperitis,

181 1090 357 1153 LXXXIX
388 1089 458 1153 Nos
472 1090 559 1164 vero,
581 1092 685 1169 inquit
707 1091 853 1163 Catulus,
870 1093 1004 1172 (etenim
1026 1112 1087 1174 pro
1101 1114 1157 1155 me

137 1173 209 1244 hoc,
225 1183 258 1235 et
272 1195 330 1255 pro
345 1195 419 1236 meo
433 1174 544 1246 fratre,
559 1175 758 1255 respondem)
782 1196 846 1237 non
861 1176 957 1239 modo
971 1176 1033 1237 tibi
1047 1179 1158 1255 ignos-
1211 1250 1212 1257 ἵ

138 1259 252 1330 cimus,
267 1257 324 1318 sed
345 1268 378 1320 te
398 1258 572 1336 diligimus
586 1278 805 1337 magnamque
825 1260 886 1321 tibi
905 1259 1065 1321 habemus
1081 1281 1158 1338 gra·
1211 1264 1212 1319 i

137 1343 241 1413 tiam3
263 1350 297 1402 et
319 1344 394 1402 cum
415 1341 655 1403 humanitatem
670 1351 703 1402 et
725 1342 921 1404 facilitatem
943 1345 1158 1420 agnoscimus

137 1434 240 1496 tuam,
269 1434 339 1486 turn
374 1425 574 1486 admiramur
608 1427 706 1486 istam
730 1427 914 1487 scientiam
942 1438 975 1487 et
1012 1429 1155 1507 copiam.

137 1506 300 1586 Equidem
323 1510 424 1570 etiam
445 1508 507 1570 hoc
529 1528 583 1570 me
605 1518 793 1571 assecutum
815 1518 903 1589 puto,
925 1509 1010 1588 quod
1031 1530 1157 1588 magno

137 1611 210 1652 sum
232 1593 362 1652 levatus
377 1611 492 1664 errore,
507 1602 540 1653 et
562 1592 618 1652 illa
639 1590 854 1655 admiratione
877 1592 1045 1663 liberatus,
1067 1595 1157 1672 quod

137 1676 249 1735 multis
273 1695 348 1735 curn
372 1674 446 1735 aliis
469 1695 597 1755 semper
612 1675 768 1740 admirari
789 1675 945 1748 solebam,
965 1676 1051 1737 unde
1066 1686 1158 1739 esset

137 1759 196 1818 illa
211 1767 306 1818 tanta
320 1768 379 1819 tua
401 1758 434 1818 in
450 1760 557 1819 causis
572 1759 747 1821 divinitas:
769 1779 830 1820 nec
846 1761 934 1820 enim
949 1770 981 1820 te
996 1762 1062 1820 ista
1077 1764 1158 1823 atti-

137 1843 224 1919 gisse
247 1842 441 1912 arbitrabar,
463 1861 535 1920 quae
557 1841 802 1920 diligentissime
825 1842 991 1921 cognosse,
1006 1851 1039 1904 et
1060 1844 1157 1905 undi-

138 1944 200 2003 que
224 1926 395 2003 colligisse,
410 1944 534 2003 usuque
549 1925 680 1986 doctum
702 1927 824 2005 partim
846 1929 1032 1997 correxisse,
1047 1928 1156 1993 video.

139 2010 260 2087 partim
289 2009 522 2088 comprobasse.
582 2006 697 2087 Neque
727 2008 766 2069 eo
794 2010 902 2070 minus
931 2010 1157 2089 eloquentiam

137 2099 240 2163 tuam,
254 2101 286 2151 et
301 2092 403 2152 multo
419 2091 523 2168 magis
537 2094 740 2153 virtutem'et
760 2092 974 2170 diligentiam,
990 2093 1155 2167 admiror3

138 2184 170 2235 et
193 2174 287 2235 simul
310 2175 448 2251 gaudeo,
464 2174 626 2251 judicium
641 2177 742 2236 animi
757 2178 822 2236 mei
838 2176 1050 2256 comprobari,
1066 2178 1156 2256 qubd

137 2276 265 2336 semper
279 2259 389 2328 statui,
411 2259 573 2318 nerninem
596 2260 768 2338 sapientiae
790 2259 923 2321 laudern
946 2269 979 2321 et
1000 2260 1155 2340 eloquen-

137 2343 202 2411 tiae,
217 2342 286 2401 sine
309 2360 436 2402 summo
451 2342 565 2411 studio,
580 2352 613 2402 et
635 2342 757 2413 labore,
772 2352 806 2404 et
827 2343 980 2415 doctrina,
996 2347 1154 2424 consequi

136 2443 239 2504 posse.
285 2423 349 2484 Sed
365 2436 476 2486 tamen
491 2425 646 2503 quidnam
661 2436 710 2486 est
732 2425 773 2498 id,
789 2426 873 2506 quod
888 2427 1007 2498 dixisti,
1022 2427 1100 2499 fore,
1116 2442 1155 2493 ut

137 2508 197 2568 tibi
218 2509 471 2585 ignosceremuS,
485 2511 514 2568 si
529 2508 769 2586 eognbssemuS‚
784 2530 856 2588 quae
870 2518 903 2571 te
920 2529 1022 2570 causa
1036 2511 1071 2571 in
1087 2531 1154 2572 ser·

136 2612 266 2653 monem
282 2589 484 2672 impulisset?
515 2590 598 2666 Quae
615 2595 766 2654 estenim
782 2593 849 2653 alia
865 2612 976 2664 causa,
988 2595 1051 2655 nisi
1065 2595 1156 2672 quod
1211 2618 1212 2649 r

136 2675 237 2747 nobis
260 2686 293 2737 et
321 2676 436 2738 horum
458 2675 713 2737 adolescentium
735 2676 850 2748 studio,
871 2678 926 2756 qui
947 2687 980 2737 te
1003 2680 1154 2755 attentis7

137 2761 217 2819 sime
234 2759 415 2830 audierunt,
430 2780 553 2821 morem
569 2780 681 2837 gerere
697 2758 853 2821 voluistil

179 2843 263 2903 Tum
279 2843 344 2915 ille,
359 2844 522 2914 Adimere,
534 2844 646 2921 inquit,
658 2863 785 2904 ornnem
801 2845 1043 2905 recusationem
1056 2843 1153 2906 Cras-

136 2945 172 2985 so
188 2927 286 2996 volui,
302 2945 397 3003 quem
413 2947 475 3003 ego
490 2927 590 3006 paulo
605 2926 750 2987 sciebam
765 2927 819 2987 vel
841 2926 1015 3007 pudentius
1029 2928 1084 2988 vel
1104 2930 1153 2991 in·

136 3009 235 3069 vitius
259 3009 345 3087 (nolo
361 3011 446 3069 enim
467 3009 574 3069 dicere
590 3010 629 3070 de
644 3019 714 3071 tam
736 3013 831 3072 suavi
853 3010 983 3072 homine
1005 3010 1152 3074 fastidio·

135 3093 214 3170 siris)
237 3091 279 3152 ad
301 3091 361 3153 boc
382 3112 485 3170 genus
507 3093 669 3154 sermonis
678 3093 845 3155 accedere.
889 3094 978 3168 Quid
993 3097 1080 3156 enirn
1095 3115 1153 3175 po·
1211 3092 1212 3113 ¹

135 3178 212 3239 terit
227 3176 334 3237 dicere
346 3174 358 3235 l
375 3176 580 3237 consularem
591 3197 625 3237 se
638 3196 708 3239 esse
719 3177 883 3239 hominem
895 3187 928 3239 et
943 3180 1126 3240 censorium
1138 3178 1151 3240 l

136 3260 252 3322 eadem
274 3270 385 3321 nostra
406 3269 582 3321 causaest.
628 3261 681 3322 An
703 3266 836 3322 aetatem
858 3259 999 3323 afferetl
1022 3263 1153 3341 quadri·

136 3345 231 3405 ennio
253 3345 358 3404 minor
380 3352 438 3404 est.
484 3344 537 3405 An
559 3364 593 3404 se
616 3343 766 3405 nescire?
794 3365 866 3423 quae
889 3366 951 3422 ego
973 3346 1055 3416 sero,
1077 3365 1152 3425 quae
1211 3360 1212 3363 ’

135 3430 264 3499 cursim,
280 3428 413 3507 arripui,
427 3446 499 3504 quae
522 3426 701 3488 subsecivis
716 3429 831 3508 operis,
848 3429 897 3506 (ut
912 3428 1026 3506 aiunt)
1051 3431 1113 3491 iste
1130 3451 1153 3492 a

134 3530 245 3590 puero,
268 3530 394 3585 summo
416 3510 531 3580 studio,
550 3512 684 3571 summis
699 3511 891 3572 doctoribus
935 3511 1027 3574 Nihil
1041 3513 1153 3575 dicam
1210 3518 1212 3629 l

135 3593 174 3654 de
198 3595 338 3670 ingenio,
361 3594 412 3653 cui
440 3612 501 3672 par
522 3613 618 3671 nemo
644 3593 730 3655 fuit:
760 3596 881 3655 etenim
907 3616 960 3656 me
986 3597 1152 3659 dicentem

135 3677 190 3754 qui
217 3674 365 3742 audierit,
393 3695 488 3735 nemo
517 3697 661 3755 unquam
691 3686 765 3739 tam'
788 3680 837 3739 sui
867 3679 1050 3759 despiciens
1079 3681 1152 3753 l'uit,

134 3760 212 3836 quin
232 3767 379 3837 speraret
401 3768 459 3818 aut
480 3761 606 3831 melius,
621 3770 679 3822 aut
695 3761 809 3823 eodem
824 3763 928 3834 mode,
945 3784 980 3824 se
995 3783 1089 3843 posse
1104 3765 1151 3825 di·
