2434 4286
277 364 280 372 '
331 381 370 422 ns
391 379 532 425 onerosa
553 381 642 423 ursan
663 381 827 424 monsone.
1030 370 1090 428 109

60 529 216 591 oratione
236 529 353 607 justos
368 529 521 606 integros,
535 528 713 607 religiosos,
727 528 867 600 timidos,
889 529 1098 611 perferentes*

60 615 275 690 injuriarum,
291 614 409 673 mirum
424 612 579 691 quiddam
595 613 706 673 valet:
729 625 762 674 et
777 613 839 675 hoc
854 616 906 676 vel
923 617 957 676 in
971 619 1089 697 princi·

59 700 136 777 pile,
153 697 208 757 vel
225 698 260 757 in
276 716 312 757 re
327 695 499 766 narrandi,
514 696 568 757 vel
590 697 622 756 in
639 697 828 776 perorandi,
843 708 973 761 tantam
990 700 1090 765 babet

59 783 144 853 rim,
154 783 184 842 si
200 792 251 842 est
266 781 415 841 suaviter
426 789 459 841 et
474 800 550 841 cum
562 799 659 841 sensu
670 790 859 854 tractatum,
869 792 906 843 ut
917 785 1006 866 saepd
1016 788 1090 867 plus

60 868 165 945 quim
182 884 288 927 causa
303 865 424 925 valeat.

105 951 259 1013 Tantum
280 960 392 1008 autem
408 947 547 1009 efficitur
561 967 659 1009 sensu
674 948 824 1026 quodam,
840 970 879 1013 ac
901 954 1028 1014 ratione
1044 954 1089 1016 di-

60 1035 174 1105 cendi,
189 1043 227 1094 ut
250 1035 345 1112 quasi
367 1033 627 1103 moresoratoris
643 1032 779 1111 effingat
802 1037 915 1097 oratio.
959 1036 1089 1100 Genere

61 1120 157 1181 enim
172 1117 317 1196 quodam
340 1118 587 1187 sententiarum,
603 1125 636 1177 et
660 1137 780 1194 genere
801 1120 983 1191 verborum,
999 1122 1088 1183 adhi-

60 1203 136 1264 bita
151 1204 257 1263 etiam
273 1202 401 1262 actione
424 1202 500 1271 leni,
515 1200 775 1280 facilitatemque
798 1203 1007 1280 significanti,
1022 1206 1088 1267 effi-

62 1290 165 1357 citur,
181 1296 219 1347 ut
235 1283 337 1366 probi,
352 1295 389 1347 ut
407 1285 489 1346 bene
504 1286 634 1356 morati,
649 1295 686 1347 ut
701 1284 779 1347 boni
793 1288 856 1348 viri
871 1306 941 1349 esse
957 1289 1089 1352 videan-

61 1380 130 1432 tur.
877 1407 880 1414 ·

109 1451 230 1516 XLIV.
254 1452 342 1514 Huic
358 1462 469 1515 autem
485 1461 534 1513 est
549 1452 607 1513 illa
622 1451 734 1532 dispar
746 1452 903 1531 adjuncta
917 1456 1003 1517 ratio
1018 1477 1089 1519 ora·

62 1539 178 1609 tionis,
192 1557 267 1616 quae
283 1538 348 1597 alio
363 1537 504 1616 quodem
519 1555 640 1613 genere
655 1548 783 1598 mentes
799 1538 949 1616 judicum
964 1559 1089 1619 permo-

63 1634 134 1694 vet,
150 1621 365 1701 impellitque,
381 1631 417 1682 ut
432 1621 641 1692 accederint,
656 1630 715 1681 aut
729 1620 877 1700 diligant,
894 1632 953 1683 aut
967 1625 1089 1687 invide·

65 1716 135 1775 ant,
159 1714 222 1766 aut
246 1705 376 1766 salvum
398 1705 511 1776 velint,
529 1712 588 1765 aut
611 1714 845 1777 metuentem
867 1719 1009 1787 sperent,
1031 1720 1090 1772 aut

65 1792 218 1869 cupiant,
233 1798 291 1849 aut
307 1789 513 1861 abhorreant,
529 1797 587 1853 aut
602 1788 762 1860 laetentur,
777 1801 836 1851 aut
850 1804 1021 1865 moereant,
1032 1803 1090 1856 aut

52 1877 300 1944 misereantur,
316 1884 375 1933 aut
397 1874 512 1952 punire
528 1872 640 1943 velint,
656 1881 714 1932 aut
730 1873 772 1934 ad
795 1893 851 1935 eos
867 1884 974 1936 motus
989 1876 1089 1938 addu-

66 1969 201 2029 cantur,
216 1960 242 2019 si
257 1958 313 2035 qui
336 1956 466 2018 finitimi
490 1966 618 2017 suntet
641 1958 814 2036 propinqui
838 1956 889 2018 his
904 1979 945 2021 ac
968 1961 1091 2022 talibus

67 2044 175 2103 animi
190 2040 499 2122 perturbationibus,
543 2041 651 2120 Atque
667 2039 749 2101 illud
760 2042 940 2122 optandum
955 2054 1004 2106 est
1019 2065 1089 2107 ora·

67 2128 144 2198 tori,
160 2135 197 2186 ut
212 2126 358 2204 aliquam
373 2126 610 2206 permotionem
625 2126 809 2187 animorum
824 2127 882 2187 sui
897 2139 1012 2209 sponte
1028 2130 1090 2210 ipsi

67 2209 216 2272 afferant
231 2209 274 2270 ad
289 2229 425 2271 causam
442 2209 581 2288 judices,
597 2208 696 2280 adid,
712 2209 797 2288 quod
812 2212 937 2273 utilitas
952 2216 1090 2274 oratoris

67 2294 167 2357 seret.
179 2293 473 2355 accommodatam.
517 2290 663 2354 Facilius
675 2304 723 2354 est
739 2295 1027 2359 enim-currentem
1040 2299 1090 2378 (ut

68 2380 180 2455 aiunt)
198 2379 346 2448 incitare,
366 2378 463 2456 quam
486 2396 691 2438 commovere
717 2378 938 2455 languentem.
984 2380 1041 2443 Sin
1057 2381 1091 2443 id

68 2474 130 2523 ant
155 2481 221 2522 non
236 2462 307 2532 erit,
322 2470 380 2529 aut
404 2463 466 2523 erit
487 2461 665 2532 obscurius
681 2462 765 2522 sicut
786 2462 912 2524 medico
932 2463 1090 2543 diligenti,

66 2548 265 2628 priusquam
277 2555 411 2606 conetur
425 2565 513 2623 aegro
526 2544 680 2606 adhibere
692 2545 898 2617 medicinam,
911 2566 975 2607 non
986 2549 1091 2610 solirm

67 2630 208 2694 morbus
223 2631 295 2707 ejus
310 2631 364 2691 cui
379 2629 502 2691 mederi
517 2629 615 2697 volet,
630 2627 687 2689 sed
702 2629 802 2690 etiam
819 2629 1019 2691 consuetudo
1033 2651 1090 2692 va·

67 2715 181 2786 lentis,
194 2723 227 2774 et
241 2724 361 2774 natura
376 2714 530 2794 corporis,
542 2712 769 2790 cognoscenda
781 2720 848 2784 est3
871 2715 918 2775 sic
930 2714 1090 2793 equidem,

69 2802 148 2861 cirm
165 2798 340 2875 aggredior
354 2798 531 2877 ancipitem
547 2816 684 2858 causam
698 2806 731 2857 et
746 2816 894 2875 gravem,
906 2798 948 2861 ad
964 2801 1091 2862 animos

70 2883 227 2962 judicum
249 2880 507 2962 pertractandos,
522 2882 611 2942 omni
633 2893 744 2943 mente
768 2882 802 2943 in
826 2883 865 2944 ei
890 2886 1089 2963 cogitatione

69 2968 216 3044 curaque
229 2985 348 3037 versor,
358 2975 395 3026 ut
407 2965 529 3036 odorer,
540 2966 637 3044 quam
648 2968 860 3044 sagacissime
876 2969 1005 3050 possim,
1014 2968 1091 3049 quid
1167 2961 1173 2972 ’

70 3051 227 3121 sentiant,
241 3048 318 3128 quid
342 3050 537 3120 existiment,
560 3048 637 3128 quid
660 3059 860 3132 exspectent,
876 3053 953 3134 quid
975 3053 1090 3123 velint,
1162 3070 1168 3081 ·

70 3134 138 3214 qud
162 3132 280 3196 deduci
305 3135 451 3195 oratione
475 3132 632 3195 facillime
657 3154 752 3214 posse
775 3136 958 3199 videantur.
1004 3136 1090 3199 Sise

71 3219 164 3290 dant,
180 3229 214 3279 ct
231 3218 280 3297 (ut
296 3220 373 3279 ante
388 3217 467 3295 dixi)
484 3218 543 3278 susi
557 3228 683 3297 sponte,
698 3218 762 3295 qud
776 3219 983 3297 impellimus
999 3219 1090 3279 ineli-

71 3312 156 3364 nant
179 3311 278 3380 atque
302 3301 522 3383 propendent3
546 3301 673 3381 aecipip
696 3298 783 3379 qnod
805 3300 910 3371 datur,
925 3310 958 3362 et
983 3301 1025 3362 ad
1048 3302 1090 3373 id,

72 3385 161 3448 unde
178 3386 296 3465 aliquis
310 3386 409 3448 flatus
430 3385 620 3457 ostenditur,
635 3385 711 3445 vela
725 3382 775 3444 do.
819 3381 878 3444 Sin
894 3393 942 3445 est
964 3385 1091 3463 integer

72 3472 269 3550 quietusque
288 3469 401 3549 judex,
415 3471 489 3551 plus
504 3478 553 3532 est
571 3470 695 3549 operis:
717 3475 794 3529 sunt
809 3468 897 3530 enim
912 3470 1024 3530 omnia
1045 3468 1090 3529 di·

73 3555 179 3617 cendo
202 3554 388 3627 excitanda,
402 3554 483 3616 nihil
506 3553 687 3633 adjuvante
702 3553 829 3614 natura
874 3552 939 3615 Sed
962 3561 1091 3613 tantam

73 3641 144 3700 vim
158 3637 260 3700 habet
275 3639 342 3711 illa,
357 3659 430 3718 quae
445 3639 533 3700 recte
550 3657 571 3698 a
586 3637 670 3698 bono
684 3637 780 3718 po'e'ta
794 3636 883 3700 dicta
898 3647 947 3700 est
953 3634 1090 3718 sternui-

74 3743 136 3794 mu,
150 3732 242 3803 etque
256 3721 392 3784 omnium
407 3721 520 3804 regina
535 3741 648 3791 rerum,
663 3722 776 3793 oratio,
790 3730 828 3785 ut
850 3742 915 3783 non
929 3719 1024 3783 modd
1044 3721 1090 3780 in·

74 3808 254 3871 elinantem
270 3808 431 3888 excipere,
442 3815 501 3867 aut
515 3814 657 3946 stapgem
668 3806 837 3875 inclinare,
847 3806 905 3867 sed
919 3807 1020 3868 etiam
1035 3803 1090 3865 ad-
