2434 4286
328 356 368 399 oe
390 356 534 399 cirron
551 355 641 398 mm
664 354 802 399 mrim
1019 338 1079 399 165

55 510 88 567 et
109 504 256 581 agrestis
270 501 428 582 quosdam
450 501 616 578 delectam
637 499 702 584 qud
715 490 822 581 magis
836 493 1079 583 antiquitatem,

8 598 9 603 ’
54 587 82 647 si
105 588 159 649 ita
181 595 286 658 sonet,
310 605 423 649 eorum
446 607 554 651 sermo
575 590 718 650 retinere
735 587 912 649 uideatur:
933 597 971 649 nt
993 596 1078 660 tuus,

54 667 186 743 Catule,
195 670 327 742 sodalis
342 670 380 732 L.
393 670 501 743 Cotta,
513 672 657 750 gaudere
673 671 754 733 mihi
767 671 897 734 videtur
911 674 1077 750 gravitate

53 752 189 833 linguae,
213 774 357 834 sonoque
380 756 472 817 vocis
495 758 639 834 agresti3
661 765 697 818 et
717 756 807 828 illud,
822 755 908 834 quod
927 756 1078 835 loquitur,

53 841 201 919 priscum
217 840 325 903 visum
340 841 380 901 iri
394 849 501 919 putat,
514 843 542 901 si
558 841 655 921 plane
670 841 769 902 fuerit
783 841 995 901 rusticanum.
1020 838 1076 903 Me
1155 850 1160 855 '

54 933 171 986 autem
184 933 263 985 tuus
278 943 377 985 sonus
392 934 425 985 et
447 926 596 986 suavitas
610 926 677 986 ista
690 924 832 986 delectat
845 946 853 996 3
876 926 991 986 omitto
1007 942 1077 986 ver·

53 1005 389 1093 borum,quanquam
403 1018 453 1070 est
473 1018 596 1088 ceput3
619 1010 734 1070 verum
748 1008 782 1070 id
797 1007 893 1070 effert
913 1011 1007 1081 ratio,
1022 1009 1078 1070 do·

50 1100 129 1152 cent
146 1092 263 1163 literae,
275 1091 447 1155 confirmat
458 1092 659 1155 consuetudo
670 1103 703 1154 et
718 1091 849 1170 legendi
861 1102 894 1154 et
906 1092 1057 1172 loquendi
1068 1115 1076 1165 ;

52 1175 113 1237 sed
134 1176 225 1237 hanc
249 1175 322 1239 dico
345 1178 557 1249 suavitatem,
580 1197 653 1256 quae
668 1177 736 1238 exit
759 1195 801 1237 ex
822 1194 900 1247 ore;
921 1196 993 1254 quae
1008 1178 1077 1256 qui·

52 1259 139 1330 dem,
151 1269 199 1331 ut,
211 1260 299 1340 apud
310 1259 452 1331 Graece,
462 1261 656 1333 Atticorum,
667 1262 724 1331 sic,
735 1262 770 1321 in
787 1259 906 1321 Latino
918 1279 1077 1334 sermone,

51 1343 154 1422 hujus
167 1352 221 1405 est
242 1345 332 1405 urbis
354 1345 496 1405 maxime
512 1347 652 1424 propria
696 1343 835 1408 Athenis
845 1345 918 1420 jam
933 1343 989 1404 diu
1003 1344 1076 1407 doc*-

51 1431 141 1490 trina
153 1429 301 1509 ipsorum
311 1427 561 1491 Atheniensium
573 1430 696 1490 interiit
709 1448 716 1488 :
736 1426 936 1488 domicilium
948 1430 1077 1491 tantum

51 1514 86 1575 in
98 1512 157 1573 illa
168 1512 250 1574 urbe
262 1523 411 1580 remanet
423 1512 735 1592 studiorum,quibus
746 1519 870 1574 vacant
881 1512 1076 1593 civespere·

52 1597 140 1675 grini
152 1595 315 1668 fruuntur,
327 1598 416 1677 capti
427 1595 666 1674 quodammodo
677 1599 807 1658 nomine
820 1594 910 1657 urbis
920 1608 953 1658 et
965 1605 1077 1659 aueto-

52 1683 180 1752 ritate;
210 1689 325 1743 tamen
348 1681 585 1742 eruditissimos
606 1679 755 1742 homines
781 1681 944 1743 Asiaticos
969 1684 1077 1760 quivis

51 1765 268 1829 Atheniensis
278 1765 438 1836 indoctus
449 1784 515 1829 non
526 1765 645 1837 verbis
654 1766 711 1826 sed
726 1785 804 1826 sono
815 1766 914 1839 vocis,
929 1787 991 1828 nec
1006 1776 1077 1828 tam

52 1849 151 1921 bene,
166 1850 265 1930 quam
280 1851 426 1910 suaviter
441 1849 611 1927 loquendo,
626 1849 724 1911 facile
740 1848 918 1929 superabit.
963 1850 1076 1912 Nostri

52 1935 163 1995 minus
177 1933 310 1995 student
325 1933 437 2003 literis,
448 1934 546 2011 quarn
559 1933 679 1995 Latini.
709 1933 838 1995 Tamen
848 1953 890 1994 ex
904 1935 984 2006 istis,
996 1954 1077 2017 quos
1138 1943 1141 1949 '

52 2018 169 2090 ndstis
190 2016 337 2088 urbanis
353 2019 385 2079 in
402 2017 519 2096 quibus
533 2018 706 2080 minimum
721 2028 770 2080 est
785 2017 965 2090 literarum,
981 2039 1076 2082 nemo

53 2112 113 2176 est,
124 2104 206 2182 quin
218 2102 476 2163 literatissimum
487 2110 674 2179 togatorum
685 2104 840 2176 omnium,
851 2102 893 2179 Q.
904 2101 1076 2167 Valerium

52 2186 230 2257 Soranum,
252 2186 387 2248 lenitate
412 2187 503 2247 vocis
527 2195 625 2266 atque
647 2189 718 2268 ipso
731 2188 798 2250 oris
812 2206 927 2269 pressu
941 2197 975 2268 et
997 2208 1076 2251 sono

51 2271 155 2333 facile
171 2272 293 2332 vincat.
368 2292 395 2335 a

95 2354 168 2418 Xll.
192 2353 316 2430 Quare,
328 2354 403 2415 crim
417 2355 459 2415 sit
473 2354 625 2434 quaedem
640 2363 732 2417 certa
742 2372 807 2417 vor
821 2354 962 2419 R'orrr‘ani
978 2377 1087 2436 gene·-

50 2441 99 2502 ris
113 2439 270 2517 urbisque
285 2439 427 2518 propria,
439 2439 473 2499 in
488 2439 551 2519 qua
565 2438 647 2500 nihil
659 2438 790 2511 offendi,
803 2440 883 2502 nihil
894 2441 1076 2521 displicere,

50 2523 136 2586 nihil
151 2523 370 2585 animadverti
385 2524 496 2603 possit,
511 2522 592 2584 nihil
608 2543 725 2584 sonare
745 2532 804 2585 aut
827 2526 914 2586 olore
934 2526 1076 2604 peregrl'²

50 2626 157 2680 num;
180 2607 267 2669 hanc
283 2626 481 2686 sequamur;
503 2627 609 2686 neque
624 2608 728 2669 solum
743 2609 902 2668 rusticam
918 2609 1076 2687 asperita-

50 2701 133 2763 tem,
142 2691 201 2753 sed
212 2693 314 2753 etiam
325 2692 533 2772 peregrinam
544 2691 762 2763 insolentiam,
773 2690 887 2770 fugere
899 2691 1074 2752 discamus,

51 2775 309 2855 Equidemcirm
319 2774 416 2836 audio
426 2794 554 2837 socrum
564 2795 674 2837 meam
685 2774 1076 2853 Laeliam,(facilii1senim

7 2852 9 2905 ³
52 2861 212 2923 mulieres
240 2861 463 2939 incorruptam
493 2862 723 2940 antiquitatem
752 2869 958 2932 conservant,
981 2859 1076 2940 quod,

52 2945 236 3007 multorum
250 2945 408 3007 sermonis
423 2953 584 3023 expertes
596 2965 637 3005 ea
648 2953 762 3007 tenent
778 2963 996 3025 semper,quae
1012 2947 1075 3027 pri-

53 3049 111 3095 ma
126 3027 309 3090 didicerunt
320 3028 341 3107 ς)
359 3027 415 3088 sed
427 3047 503 3089 eam
518 3029 566 3090 sic
582 3029 689 3101 audio,
700 3039 737 3090 ut
752 3029 906 3093 Plautum
922 3029 1003 3090 mihi
1018 3038 1076 3092 aut

54 3112 212 3176 Naevium
226 3111 343 3173 videar
357 3111 491 3172 audire:
507 3132 586 3174 sono
600 3114 670 3193 ipso
681 3116 772 3175 vocis
786 3116 835 3175 ita
850 3120 939 3174 reoto
954 3122 987 3174 et
1002 3114 1082 3174 sim-'

53 3197 134 3279 plici
149 3205 208 3268 est,
222 3205 260 3258 ut
274 3195 357 3258 nihil
370 3198 601 3258 ostentationis
615 3207 673 3274 aut
689 3198 881 3258 imitationis
895 3194 1013 3258 afferre
1029 3199 1077 3259 vi-

55 3281 194 3343 deatur:
217 3300 259 3343 ex
277 3299 342 3360 quo
356 3281 404 3341 sic
418 3281 564 3342 locutum
580 3300 653 3342 esse
667 3282 738 3358 eJ'us
753 3291 882 3361 patrem
892 3280 1014 3358 judico,
1030 3283 1077 3345 sio

55 3366 221 3442 majores3
244 3385 310 3426 non
330 3364 455 3444 aspere,
471 3373 508 3426 ut
529 3364 595 3435 ille,
608 3383 706 3443 quem
721 3364 797 3437 dixi,
812 3382 878 3425 non
894 3366 997 3436 vaste,
1011 3384 1077 3429 non

55 3449 188 3519 rustice,
203 3467 268 3510 non
283 3449 400 3520 hiulce,
414 3448 472 3510 sed
486 3448 607 3528 presse,
622 3457 656 3509 et
669 3448 885 3526 aequabiliter,
900 3458 934 3510 et
949 3450 1076 3512 leniter.

56 3531 172 3610 Quare
187 3532 286 3594 Cotta
299 3542 420 3603 noster,
434 3534 529 3611 cujus
549 3541 586 3593 tu
609 3531 668 3593 illa
686 3531 765 3604 lata,
780 3531 915 3614 Sulpici,
929 3553 1077 3595 nonnun-

56 3637 159 3697 quam
173 3618 324 3690 imitaris,
338 3626 376 3679 ut
390 3616 454 3679 iota
474 3616 605 3678 literam
619 3615 726 3688 tollas,
741 3625 774 3678 et
796 3614 831 3679 E
852 3616 1079 3697 plenissimum

56 3699 158 3773 dicas,
172 3721 238 3767 non
251 3701 334 3766 mihi
347 3709 495 3766 oratores
514 3702 675 3783 antiquos,
689 3700 746 3765 sed
765 3702 934 3772 messores,
948 3698 1080 3763 videtur
