2434 4286
134 350 197 410 138
394 369 434 410 aa
454 367 596 411 onerosa
615 368 705 413 auca
724 370 886 413 munus.

132 534 205 578 sum
228 517 280 586 sit,
301 515 420 588 dicere,
445 515 516 597 (sed
538 536 601 594 ego
624 517 748 579 nonde
769 518 939 598 prestanti
957 517 1101 598 qrraidam
1117 528 1161 582 et

94 602 98 616 '
133 601 260 671 eximii,
275 600 332 661 sed
353 602 452 681 prope
467 600 508 662 de
524 603 654 680 vulgari
668 610 702 663 et
722 605 886 665 communi
900 603 1072 683 prudentia
1088 603 1159 665 dis·

132 695 212 766 puto
219 685 241 762 ς)
258 695 295 746 ut
309 685 397 764 apud
408 685 540 747 Graecos
555 684 658 747 fertur
669 686 851 748 incredibili
866 686 1007 766 quadam
1022 690 1158 766 magui·

132 769 244 830 tudine
260 770 387 830 cormilii
402 780 500 849 atque
515 770 639 847 ingenii
655 771 864 833 Atheniensis
879 770 933 834 ille
949 771 1049 833 fuisse
1065 772 1158 834 The-

132 854 319 925 mistocles3
349 854 392 914 ad
421 874 518 933 quem
547 853 682 933 quidam
710 854 824 916 doctus
852 855 958 927 homo,
987 861 1087 935 atque
1117 858 1160 919 in

81 981 84 988 -
132 939 245 1018 primis
267 937 422 1010 eruditus,
444 940 620 1000 accessisse
636 938 763 1010 dicitur,
784 941 878 1018 eique
902 949 1008 1001 artem
1029 960 1158 1003 merno-

133 1023 199 1093 riae,
222 1041 294 1101 quae
317 1030 388 1083 tum
409 1023 550 1103 primum
571 1021 806 1103 proferebatur,
827 1025 993 1104 pollicitus
1014 1045 1096 1097 esse,
1115 1045 1158 1087 se

133 1105 350 1183 traditurum:
366 1109 441 1167 crim
456 1107 510 1168 ille
526 1106 702 1185 quaesisset,
713 1108 870 1185 quidnam
881 1109 1006 1170 illaars
1020 1108 1157 1172 efficere

133 1199 253 1269 posset,
268 1190 387 1252 dixisse
402 1191 496 1251 illum
510 1192 685 1263 doctorem,
701 1202 737 1253 ut
752 1194 863 1254 omnia
877 1194 1099 1264 meminisset3
1119 1203 1159 1257 et
1210 1196 1211 1275 j

134 1277 166 1335 ei
181 1273 436 1337 Themistoclem
447 1276 660 1355 respondisse,
670 1277 797 1353 gratius
811 1276 874 1338 sibi
888 1277 981 1338 illum
996 1297 1067 1338 esse
1083 1276 1158 1341 fao
1210 1288 1211 1329 l

134 1368 255 1430 turum,
277 1361 306 1420 si
329 1381 364 1421 se
388 1360 546 1430 oblivisci,
569 1380 641 1439 quae
659 1359 768 1432 vellet,
786 1361 883 1439 quam
904 1362 932 1422 si
953 1362 1158 1434 meminisse,

134 1442 306 1505 docuisset.
338 1444 491 1516 Videsne,
503 1464 575 1522 quae
591 1445 641 1504 vis
656 1445 689 1504 in
704 1443 834 1507 honune
849 1446 1002 1507 acerrimi
1017 1447 1158 1523 ingenii,

134 1528 232 1607 quam
248 1540 362 1608 potens
377 1537 410 1589 et
425 1540 550 1608 quanta
565 1547 658 1591 mens
673 1527 794 1589 fueriti
811 1531 866 1607 qui
881 1530 929 1591 ita
939 1529 1156 1610 responderit,

134 1621 171 1672 ut
186 1613 370 1690 intelligere
383 1632 559 1693 possemus,
571 1613 652 1674 nihil
664 1633 706 1674 ex
717 1614 805 1674 illius
817 1614 937 1685 animo,
948 1614 1034 1692 quod
1049 1616 1156 1679 semel

135 1705 220 1756 esset
235 1696 389 1768 infusum,
400 1717 544 1777 unquam
556 1697 690 1759 effluere
706 1700 869 1778 potuisse3
885 1699 958 1759 crim
973 1698 1105 1777 quidem
1120 1698 1156 1760 ei
1209 1682 1211 1833 p

134 1778 233 1841 fuerit
248 1780 434 1861 optabilius,
450 1781 598 1842 oblivisci
619 1801 713 1862 posse
733 1784 850 1862 potiris
865 1781 951 1860 quod
965 1784 1155 1845 meminisse

135 1865 245 1936 nollet,
260 1866 357 1944 quam
373 1866 456 1945 quod
472 1867 574 1926 semel
589 1865 734 1928 audisset
750 1867 936 1938 vidissetve,
952 1869 1154 1930 meminisse.

1210 2296 1211 2327 l

135 1947 201 2008 Sed
216 1970 331 2029 neque,
346 1960 491 2030 propter
501 1949 562 2012 hoc
586 1951 800 2012 Themistocli
815 1971 1015 2031 responsum,
1030 1971 1155 2014 memo·

134 2033 192 2093 riae
214 2034 308 2093 nobis
323 2055 425 2115 opera
444 2034 555 2095 danda
578 2055 641 2095 nou
663 2045 733 2105 est;
755 2055 861 2115 neque
877 2036 936 2097 illa
951 2055 1026 2096 mea
1041 2037 1155 2098 cautio

135 2125 169 2176 et
189 2117 346 2178 timiditas
368 2119 402 2178 in
426 2122 543 2190 causis,
565 2129 696 2199 propter
716 2130 927 2200 praestantem
942 2120 1156 2200 prudentiam

135 2198 254 2272 Crassi,
269 2202 465 2280 negligenda
480 2212 538 2264 est.
580 2203 723 2283 Uterque
739 2206 827 2265 enim
842 2206 976 2266 istorum
991 2225 1057 2265 non
1071 2204 1155 2267 mihi

135 2285 245 2345 attulit
261 2286 416 2364 aliquam,
428 2287 483 2348 sed
499 2306 593 2348 suam
608 2288 806 2365 significavit
822 2289 1023 2350 facultatem.

177 2368 310 2430 Etenim
334 2371 497 2450 permulta
520 2381 596 2432 sunt
620 2373 653 2432 in
677 2373 795 2444 causis
810 2375 843 2433 in
863 2375 951 2434 omni
971 2381 1066 2452 parte
1080 2393 1153 2435 ora·

134 2453 234 2513 tionis
254 2455 556 2536 circumspicienda,
570 2475 612 2515 ne
632 2456 709 2535 quid
729 2455 885 2528 offendas
900 2477 941 2518 ne
957 2456 1020 2535 qud
1035 2457 1152 2519 irruas.

135 2536 230 2617 Saepe
246 2539 364 2618 aliquis
381 2542 472 2601 testis
492 2552 551 2601 aut
574 2560 637 2601 non
660 2539 757 2612 laedit,
774 2551 833 2601 aut
855 2542 963 2602 minus
979 2540 1075 2611 laedit,
1089 2542 1154 2602 nisi

135 2622 318 2685 lacessatur
330 2644 338 2684 z
351 2635 426 2686 orat
441 2644 525 2696 reus,
536 2635 655 2702 urgent
671 2626 833 2695 advocati,
845 2636 881 2686 nt
895 2623 1101 2695 invehamur,
1118 2634 1154 2687 ut

135 2707 394 2780 maledicamus,
410 2710 549 2789 denique
571 2720 606 2770 ut
628 2704 876 2786 interrogemus.
920 2707 993 2770 Non
1011 2728 1154 2781 moveor,
1210 2762 1211 2775 ,

135 2810 199 2851 non
215 2791 414 2872 obtempero,
429 2815 494 2854 non
510 2794 687 2865 satisfacio,
702 2813 806 2872 neque
820 2804 932 2855 tamen
948 2793 1049 2853 ullam
1064 2813 1153 2855 asse·
1210 2794 1211 2799 ’

135 2893 216 2954 quor
239 2875 380 2938 laudem.
435 2876 594 2938 Homines
617 2880 704 2938 enim
733 2879 876 2959 imperiti
903 2877 1040 2962 facilius,
1066 2877 1153 2957 quod
1210 2870 1211 2891 ¹

135 2960 234 3019 stulte
246 2960 375 3033 dixeris,
387 2960 632 3043 reprehendere,
644 2964 750 3042 quam,
761 2962 845 3041 quod
861 2963 1026 3042 sapienter
1040 2972 1153 3024 tacue-
1210 2990 1211 2993 ¹

135 3045 189 3114 ris,
204 3043 341 3106 laudare
357 3056 502 3128 possunt.
546 3045 610 3108 Hic
630 3057 790 3126 quantum
813 3045 850 3107 fit
874 3047 963 3114 mali,
978 3046 1004 3106 si
1021 3046 1153 3118 iratum,

134 3129 163 3188 si
178 3148 241 3189 non
257 3131 403 3201 stultum,
414 3131 441 3190 si
457 3150 521 3190 non
536 3130 645 3193 levem
660 3142 777 3192 testem
792 3127 932 3191 laeseri's!
948 3129 1048 3190 habet
1064 3134 1155 3193 enirn

134 3223 168 3273 et
183 3213 388 3277 voluntatem
404 3213 541 3276 nocendi
560 3217 595 3276 in
609 3216 787 3286 iracundia,
805 3225 838 3276 et
859 3215 928 3274 vim
951 3216 986 3274 in
1009 3215 1154 3290 ingenie,

138 3305 168 3359 et
191 3297 316 3377 pondus
337 3302 371 3360 in
388 3300 475 3371 vitd3
498 3319 568 3370 nec,
591 3301 619 3361 si
641 3297 700 3360 hoc
724 3298 860 3360 Crassus
883 3317 948 3359 non
969 3299 1154 3369 committit,

134 3380 207 3442 ideo
223 3403 286 3444 non
302 3385 406 3454 multi,
422 3394 455 3444 et
469 3385 565 3464 saepe,
580 3385 797 3445 committunt.
835 3382 911 3461 Qud
926 3381 1056 3463 quidem
1072 3381 1154 3444 mihi

134 3465 238 3526 videri
260 3472 387 3548 turpius
411 3467 489 3528 nihil
515 3469 607 3539 solet,
627 3468 734 3548 quam,
749 3470 824 3529 crim
844 3488 884 3528 ex
905 3467 1043 3528 oratoris
1065 3466 1154 3528 dicto

134 3550 254 3629 aliqu0,
266 3562 325 3613 aut
340 3571 503 3631 responso,
519 3563 576 3613 aut
590 3562 717 3630 rogatu,
732 3572 838 3613 sermo
853 3552 907 3612 ille
923 3553 1078 3630 sequitur,
1093 3551 1153 3612 Oc-

133 3634 211 3693 cidit
226 3634 286 3696 ille.
331 3633 621 3698 Adversartumne?
664 3635 759 3698 Immo
775 3642 855 3707 vero,
869 3634 969 3708 aiunt,
984 3656 1025 3706 se,
1040 3646 1067 3695 et
1082 3656 1154 3697 eum

93 3735 222 3796 oqueris
237 3716 382 3800 desedit.

179 3798 310 3864 LXXV.
337 3800 411 3864 Hoc
426 3799 563 3864 Crassus
578 3823 642 3865 non
657 3811 753 3886 putat
771 3805 834 3867 nisi
848 3802 985 3886 perfidis
999 3794 1153 3868 accidere
