2452 4290
175 343 218 403 68
437 358 476 401 on
497 357 638 400 onerose
658 355 747 401 umus
767 355 930 402 smarnos.

174 525 257 580 mus,
272 503 548 588 quemadmodum
569 505 625 568 ille
639 504 695 567 vel
710 503 849 567 Athenis
863 503 919 567 vel
940 501 1046 568 Rhodi
1067 504 1103 569 se
1118 505 1215 587 doc-3

174 593 374 654 tissimorum
396 589 564 651 hominum
579 589 784 651 sermonibus
799 589 962 661 dedisset3
985 599 1099 659 tamen
1122 592 1200 673 ipse

175 674 446 747 adolescentulus,
461 680 622 753 quantum
644 674 731 735 illius
749 675 894 735 ineuntis
908 676 1016 736 aetatis
1029 695 1113 737 meae
1136 695 1201 756 pa·

174 759 320 821 tiebatur
344 758 457 838 pudor,
482 758 588 819 multa
610 777 651 821 ex
672 778 712 819 eo
733 758 820 839 saepe
842 759 987 838 quaesivi.
1031 758 1108 821 Non
1134 760 1202 822 erit

174 842 320 925 profecto
334 843 403 915 tibi,
418 841 504 922 quod
518 841 634 914 scribo,
649 841 710 903 hoe
726 861 857 914 novum,-
870 843 961 921 (nam
977 845 1139 921 jamtum
1157 864 1215 904 es

174 947 227 988 me
240 926 410 1006 audiebas)
422 926 502 988 mihi
514 927 616 998 illum,
625 946 666 987 ex
677 926 791 987 multis
802 928 966 1004 variisque
978 927 1200 1000 sermonibus,
1214 958 1215 983 ι

174 1011 296 1072 nullius
319 1013 376 1083 rei,
391 1032 463 1089 quae
478 1011 609 1089 quidem
632 1019 717 1072 esset
740 1011 774 1071 in
798 1009 848 1070 his
863 1010 998 1083 artibus
1013 1011 1052 1072 de
1075 1012 1215 1090 quibus

174 1095 298 1174 aliquid
313 1096 500 1157 existimare
523 1114 660 1175 possem,
675 1093 790 1155 rudem
804 1104 863 1156 aut
885 1095 1038 1172 ignarum
1058 1115 1132 1156 esse
1150 1097 1200 1157 vi·
1214 1108 1215 1111 ’

174 1199 256 1240 sum.
301 1178 367 1241 Sed
392 1178 453 1239 fuit
476 1178 537 1240 hoe
564 1181 599 1240 in
612 1188 750 1258 utroque
774 1199 896 1251 eorum,
910 1188 947 1240 ut
969 1178 1105 1240 Crassus
1129 1200 1199 1245 non

173 1271 243 1323 tam
259 1265 439 1325 existimari
453 1263 554 1323 vellet
570 1282 632 1324 non
648 1263 808 1332 didicisse,
822 1263 920 1342 quam
942 1263 1001 1324 illa
1015 1263 1215 1343 despicere,

174 1356 208 1408 et
222 1356 405 1408 nostrorum
420 1346 590 1408 hominum
604 1348 638 1408 in
650 1347 739 1408 omni
754 1366 874 1424 genere
886 1346 1093 1426 prudentiam
1104 1346 1198 1410 Grae·
1214 1362 1215 1367 ’

174 1432 222 1493 cis
239 1429 423 1493 anteferre:
450 1431 612 1492 Antonius
627 1440 740 1492 autem
761 1429 1016 1510 probabiliorem
1030 1429 1092 1492 hoe
1115 1448 1215 1514 pop-f

173 1515 229 1577 ulo
251 1516 433 1576 orationem
455 1513 524 1576 fore
540 1514 697 1576 censebat
719 1534 823 1587 suam,
838 1516 866 1575 si
887 1512 1021 1593 omnini)
1040 1514 1197 1579 didicisse

174 1618 343 1677 nunquam
366 1607 556 1678 putaretur:
586 1607 685 1678 atque
707 1600 755 1660 ita
781 1619 816 1661 se
843 1608 980 1678 uterque
1006 1600 1215 1676 graviorem

173 1681 252 1753 fore,
264 1684 292 1743 si
307 1683 392 1744 alter
407 1692 626 1754 contemnere,
642 1683 727 1744 alter
741 1702 782 1744 ne
798 1682 893 1744 ndsse
908 1683 1049 1763 quidem,
1060 1682 1198 1748 Graecos
1214 1746 1215 1761 ἶ

105 1788 109 1795 ’
176 1766 348 1828 videretur.

217 1849 367 1926 Quorum
394 1851 566 1911 consilium
591 1849 689 1929 quale
715 1848 823 1923 fuerit,
849 1850 930 1912 nihil
956 1850 1035 1911 sane
1062 1850 1108 1912 ad
1132 1851 1215 1914 hoc¹

173 1942 314 2015 tempus,
358 1934 442 1997 Illud
458 1943 570 1996 autem
585 1943 635 1996 est
650 1934 748 2013 hujus
763 1935 921 2011 institutae
943 1936 1132 2015 scriptionis
1156 1957 1196 1997 ac

174 2021 340 2100 temporis,
364 2020 530 2080 neminem
554 2019 747 2097 eloquentia,
768 2039 834 2081 non
853 2017 950 2080 modo
972 2020 1041 2082 sine
1064 2019 1196 2082 dicendi
1214 2088 1215 2097 χ

174 2103 330 2175 doctrina,
345 2103 402 2165 sed
417 2124 458 2164 ne
474 2104 544 2165 sine
559 2104 649 2165 omni
662 2103 795 2182 quidem
817 2104 981 2184 sapientia
1002 2104 1120 2167 florere
1137 2124 1195 2167 un·
1214 2100 1215 2103 ’

174 2207 274 2266 quam
290 2195 326 2263 et
338 2196 493 2266 praestare
509 2188 662 2267 potuisse.

216 2270 254 2332 ll.
278 2270 411 2332 Etenim
435 2279 563 2332 caeterae
578 2271 647 2333 fere
663 2279 751 2334 artes
773 2291 808 2333 se
831 2271 911 2351 ipsae
932 2290 992 2352 per
1006 2291 1041 2333 se
1056 2280 1196 2335 tuentur

174 2355 333 2433 singulae:
355 2353 439 2416 bene
455 2355 563 2417 dicere
580 2366 701 2428 autern,
717 2356 803 2434 quod
818 2364 867 2416 est
882 2357 1025 2417 scienter
1040 2365 1073 2418 et
1089 2357 1194 2438 perite

174 2447 207 2500 et
223 2438 337 2500 ornate
353 2437 475 2512 dicere,
487 2460 552 2500 non
563 2438 664 2501 habet
675 2438 845 2501 definitam
857 2440 1004 2519 aliquam
1014 2443 1195 2519 regionem,

174 2524 269 2600 cujus
284 2525 433 2585 terminis
456 2533 551 2604 septa
573 2533 737 2586 teneatur.
782 2522 912 2595 Omnia,
934 2543 1140 2605 quaecunque
1162 2527 1194 2586 in

173 2605 342 2669 hominum
358 2607 631 2689 disceptationem
653 2608 770 2670 cadere
793 2616 937 2688 possunt,
959 2608 1042 2669 bene
1064 2620 1144 2671 sunt
1165 2609 1215 2681 ei

174 2690 323 2764 dicenda,
349 2694 405 2770 qui
430 2692 491 2754 hoc
519 2713 553 2753 se
579 2712 674 2773 posse
700 2691 891 2772 profitetur;
914 2705 973 2753 aut
999 2693 1194 2771 eloquentia

173 2794 294 2835 nomen
309 2776 559 2856 relinquendum
575 2785 634 2838 est.
679 2775 794 2851 Quare
819 2776 970 2854 equidem
986 2787 1019 2838 et
1034 2778 1068 2837 in
1084 2777 1192 2838 nostri

174 2859 320 2933 civitate,
343 2869 377 2921 et
402 2862 436 2920 in
462 2862 532 2940 ipsi
557 2859 695 2932 Graecid,
720 2879 793 2938 quae
817 2880 947 2940 semper
972 2858 1042 2922 haec
1063 2880 1194 2923 summa

174 2941 276 3015 duxit,
297 2945 419 3005 multos
434 2953 467 3005 et
481 2945 623 3022 ingeniis
646 2954 680 3005 et
703 2944 825 3022 magna
848 2944 946 3006 laude
971 2943 1102 3007 dicendi
1126 2938 1215 3007 sine*

174 3027 301 3088 summit
330 3047 440 3089 rerum
469 3030 615 3090 omnium
642 3029 783 3090 scientia
810 3029 910 3089 fuisse
939 3028 1063 3090 fateor:
1091 3030 1215 3107 talem,

174 3110 253 3171 vero
269 3113 425 3173 exsistere
451 3112 682 3192 eloquentiam,
697 3114 804 3191 qualis
819 3113 882 3174 fuit
896 3114 930 3174 in
946 3104 1064 3174 Crasso
1078 3124 1115 3175 et
1131 3114 1192 3175 An·
1214 3118 1215 3145 ¹

174 3195 273 3266 toni0,
288 3215 352 3256 non
368 3197 506 3274 cognitis
521 3196 619 3258 rebus
633 3197 793 3268 omnibus,
808 3216 881 3276 quae
904 3197 946 3258 ad
968 3206 1099 3259 tantam
1123 3218 1192 3279 pru·
1214 3204 1215 3221 ³

174 3277 321 3340 dentiam
336 3283 545 3360 pertinerent,
561 3289 754 3360 tantamque
770 3281 898 3343 dicendi
914 3283 1053 3362 copiam,
1067 3291 1193 3361 quante
1214 3288 1215 3357 j

174 3363 288 3423 inillis
303 3362 374 3438 suit,
390 3386 453 3426 non
469 3367 614 3447 potuisse
637 3365 801 3427 confirmo.
845 3363 922 3441 Quo
944 3368 1047 3427 etiam
1069 3366 1139 3428 feei
1160 3367 1192 3426 li·
1214 3368 1215 3441 l

173 3445 315 3519 bentiuS,
329 3458 367 3509 ut
383 3468 458 3510 eum
475 3471 669 3522 sermonem,
687 3469 785 3528 quem
800 3450 847 3511 illi
863 3449 1028 3529 quondam
1050 3451 1141 3513 inter
1160 3470 1191 3510 se

174 3528 215 3591 de
240 3531 290 3592 his
314 3531 412 3592 rebus
437 3532 637 3606 habuissent,
653 3533 847 3596 mandarem
870 3535 990 3595 literis:
1013 3534 1067 3596 vel
1083 3536 1192 3598 utilia

174 3617 293 3695 opinio,
309 3634 381 3693 quae
397 3635 526 3698 semper
540 3618 665 3692 tuisset,
688 3619 866 3690 tolleretur,
882 3619 1025 3680 alterum
1039 3639 1108 3680 non
1123 3620 1190 3682 doc·

173 3700 344 3770 tissimum,
369 3700 510 3763 alterum
533 3703 631 3783 plane
655 3702 832 3773 indoctum,
856 3703 976 3776 fuisse3
999 3705 1054 3766 vel
1079 3714 1121 3766 ut
1145 3723 1191 3774 ea,

173 3801 246 3860 quae
262 3783 485 3846 existimarem
499 3806 521 3847 a
535 3788 670 3848 summis
691 3786 930 3850 oratoribusde
947 3789 1137 3868 eloquentia
1150 3788 1190 3850 di·
1214 3800 1215 3847 t
