2444 4276
467 374 673 415 noras—rua.
696 374 739 414 rn.
1050 358 1114 416 247
1209 402 1210 429 ἶ

131 518 286 570 Civitatibus
297 521 351 568 suia
363 519 461 583 quidem
477 535 525 569 non
537 519 602 582 bona]
637 519 757 569 Civitates
778 534 836 570 suas
854 519 952 570 damnis
971 520 1114 579 affecerunt,

97 606 183 668 quippe
194 603 237 667 qui
248 607 347 654 suerunt
358 604 466 666 tyranni.

129 689 198 738 Sect.
210 690 250 738 35.
274 689 415 751 Infantiam
427 689 493 751 ejus]
526 688 650 738 Orationis
661 689 774 751 inopiam

129 773 189 823 Nau
206 777 322 822 continuo
338 776 403 822 inest
420 769 568 838 eloquentia]
602 773 761 837 Philosophus
780 789 834 822 esse
853 781 943 836 potest,
962 791 1010 824 uso
1029 781 1115 825 tamon
1209 764 1210 829 i

96 859 172 908 sirnul
183 866 270 907 orator.

129 946 196 993 Seet„
207 943 247 992 36.
271 943 339 992 Plus
349 944 414 991 enim
425 942 560 1006 aliquando
572 943 693 1005 attulisti]
727 942 802 992 Plura
818 942 965 1007 explicuisti,
976 950 1116 1006 mramate
1209 906 1210 969 i

16 1048 19 1059 ·
95 1028 254 1092 petieramus,
266 1029 409 1090 exponenda
420 1029 587 1076 tribueramus.

129 1112 317 1176 Descripseras]
350 1111 405 1161 Vox
417 1111 552 1160 describere
564 1111 604 1159 hic
616 1110 756 1176 significant
767 1110 908 1160 distribuere
920 1119 946 1160 et
958 1111 1071 1162 dividere.

131 1197 188 1257 Qua
200 1211 256 1245 cum
267 1198 397 1259 ingressus
408 1197 483 1258 esses]
518 1194 591 1253 Quod
603 1212 661 1244 curn
673 1196 790 1258 inciperes
802 1211 929 1258 exponere,
942 1196 1022 1245 subito
1037 1196 1116 1260 impe·

95 1288 136 1330 tus
147 1280 240 1345 ingenii
251 1287 276 1329 te
288 1281 383 1344 impulit
396 1282 427 1330 ad
438 1298 480 1328 eas
491 1297 529 1329 res
539 1281 688 1338 tractandas,
700 1296 761 1344 quas
772 1278 872 1328 minime
884 1280 1050 1343 sperabamus.

128 1364 208 1430 Apud
219 1365 262 1414 bae
271 1366 332 1428 quid
340 1364 485 1430 projeceris]
514 1364 606 1412 Nescio
615 1381 646 1412 ex
658 1367 765 1413 oratione
776 1372 819 1412 tua
829 1380 900 1426 quem
909 1366 1019 1413 fructum
1029 1365 1116 1414 Garat

11 1516 12 1519 Ἴ
96 1457 121 1499 et
140 1451 274 1515 Sulpiciae
292 1451 432 1511 retulerint3
449 1466 494 1513 ego
510 1451 607 1511 quidem
625 1451 659 1499 ita
675 1466 731 1498 sum
749 1466 778 1497 eu
799 1457 944 1507 commotus,
957 1455 985 1498 ut
1004 1457 1115 1499 statuam

96 1536 307 1585 Academicorum
318 1551 417 1583 omnem
429 1534 558 1583 seientiam
569 1550 719 1596 pernoscere.

130 1620 259 1684 Spissius]
293 1620 400 1676 Plenius,
412 1626 437 1667 et
448 1621 479 1667 ob
491 1620 586 1681 copiam
599 1618 716 1680 majorem
729 1618 899 1667 discendorum
910 1617 1060 1668 laboriosius.

22 1765 27 1778 ι
127 1705 262 1769 Ancipites
273 1706 328 1752 uias
339 1703 505 1767 rationesque]
540 1702 668 1760 Rationes,
680 1702 943 1765 quibusinutrumque
958 1711 1054 1766 partem
1065 1703 1115 1753 dir·

95 1796 205 1854 putatur.

129 1874 181 1922 Hie
193 1872 294 1941 nostrie]
329 1872 449 1921 Mediocri
461 1870 629 1927 Romanorum
640 1869 751 1919 seientia.

128 1957 245 2007 Laudem
256 1955 465 2021 splendoremque]
500 1954 630 2003 Ornatam.

129 2042 199 2091 Seet.
210 2041 251 2089 37.
277 2040 388 2101 Quorum
402 2042 512 2104 primum
528 2038 598 2087 nobie
613 2039 689 2100 ratio]
723 2039 755 2087 In
767 2039 871 2103 singulis
887 2039 966 2091 verbis
982 2040 1116 2105 separatim

96 2125 195 2182 sumtis,
208 2124 296 2173 deinde
308 2124 333 2173 in
346 2124 503 2173 continuatis.

131 2209 221 2258 Solum
233 2208 366 2271 quoddam]
401 2209 476 2258 Sedes
488 2216 513 2256 st
524 2209 714 2258 tundamentum
727 2208 879 2258 elocutionis.

130 2292 251 2343 Saetbss.
276 2292 361 2355 Nepae
378 2295 443 2341 enim
459 2291 525 2340 illud
539 2291 653 2355 fugerim
666 2292 756 2354 dicere]
790 2292 849 2341 Non
867 2279 1039 2343 abstinendum
1055 2295 1116 2347 mibi

11 2408 12 2421 r
96 2395 151 2429 esse
162 2385 248 2440 putem
261 2377 292 2424 ab
304 2376 351 2424 hoc
362 2377 479 2424 vocabulo
490 2393 537 2438 quo
549 2377 641 2424 Cealius
653 2376 785 2438 Antipater
796 2392 858 2425 usus
870 2384 916 2425 est.

112 2512 118 2522 ,
130 2463 220 2527 Inopia
232 2467 317 2509 coacta
329 2466 352 2508 et
365 2460 501 2523 angustiis]
535 2460 636 2522 Propter
646 2461 775 2524 penuriam
787 2461 915 2509 verborum
926 2463 1081 2525 propriorum

132 2546 285 2607 celebrauit]
319 2542 518 2608 Frequentiorem
530 2544 640 2594 reddidit
980 2542 982 2545 ’

130 2632 199 2681 Seu.
212 2631 251 2680 39.
276 2629 461 2678 Similitudinis
472 2635 510 2677 est
521 2629 555 2676 ad
566 2627 666 2677 uerbum
677 2627 764 2690 unum]
799 2627 937 2692 Metuphor.

120 2715 306 2764 'occultantem
318 2713 439 2776 consulta]
473 2714 512 2763 De
524 2713 642 2763 industria
653 2720 763 2762 utentem
776 2712 879 2762 obseura
890 2713 990 2764 ratione

131 2800 198 2848 Seet.
209 2798 250 2846 40.
274 2798 326 2847 Pes
337 2797 443 2859 iunoni]
478 2798 530 2846 Pes
540 2797 589 2847 veli
607 2807 646 2847 est
663 2808 726 2847 unus
738 2798 840 2846 duorum
858 2797 999 2848 inferiorum
1013 2802 1116 2865 angulo·

11 2906 12 2909 ¹
96 2900 153 2935 rum
164 2882 213 2932 veli
225 2889 269 2931 aut
280 2884 359 2944 potius
371 2882 444 2938 suuis,
453 2897 499 2943 quo
511 2882 607 2931 inferior
618 2884 666 2933 veli
677 2883 783 2946 angulus
795 2883 827 2931 ad
837 2882 904 2932 latus
914 2882 984 2933 navis
996 2884 1115 2935 firmatur.

133 2967 254 3030 Singulis
264 2966 345 3014 uerbis
355 2964 405 3027 ree]
440 2962 497 3014 Uno
508 2967 641 3029 eadamque
657 2968 731 3017 verba
747 2968 814 3017 videt
832 2969 862 3025 is,
874 2967 916 3031 qui
932 2968 1008 3026 audit,
1020 2975 1045 3018 et
1063 2984 1116 3019 rem

96 3052 266 3113 metaphorica
276 3065 338 3099 roes
350 3049 506 3114 significatur
516 3058 541 3100 et
557 3053 660 3100 alteram
677 3066 730 3099 rem
746 3052 811 3100 unde
829 3052 960 3101 similitudo
972 3057 1056 3103 sumta
1067 3059 1115 3110 est,

97 3152 147 3200 qua
159 3136 276 3184 brevitate
289 3135 430 3183 delectatur.

131 3218 265 3268 Multitudo
277 3218 450 3281 numanitatis]
485 3217 550 3276 Qua
558 3218 631 3266 facile
639 3217 736 3266 scilieet
747 3218 820 3267 rebus
831 3207 897 3275 letti
906 3225 932 3270 et
942 3220 1060 3278 tristibus,
1066 3225 1115 3270 oto.

96 3310 217 3354 movetur.

132 3388 255 3453 Spberam
266 3388 294 3436 iu
304 3387 412 3448 scenam]
446 3384 550 3447 Nempe,
562 3391 590 3434 ut
605 3386 720 3448 probaret
736 3384 924 3435 translationem
940 3386 967 3436 ln
983 3386 1115 3436 fornicibus

97 3474 152 3523 eoeli
164 3489 180 3521 a
191 3487 219 3521 ss
231 3471 349 3520 audacius
361 3473 466 3526 fautum,
477 3476 503 3518 et
513 3471 615 3518 sortasse
626 3486 642 3517 a
653 3468 737 3518 multis
748 3470 928 3531 reprehensam.

34 3576 45 3581 -
132 3557 198 3605 Seet.
209 3556 250 3603 41.
275 3554 424 3615 Florentiae]
459 3553 604 3614 SeiLquam
617 3552 751 3602 translatiu

133 3638 273 3700 offendere]
308 3638 452 3703 impingere
463 3638 568 3686 classem
580 3638 705 3686 Achivum
717 3638 748 3686 ad
760 3638 889 3701 scopulum
900 3643 925 3686 st
936 3638 1021 3687 telum.

11 3784 12 3791 ἵ
131 3723 222 3781 Erras,
235 3723 313 3785 erras]
348 3717 467 3783 Falleris3
483 3721 552 3785 leges
564 3729 637 3784 atque
654 3722 781 3784 imperium
792 3723 940 3771 cohibebunt
955 3728 1027 3770 tuam
1043 3727 1114 3784 potu·

11 3810 12 3839 ³
97 3809 203 3860 hunam
213 3814 240 3856 et
251 3805 400 3865 andaciam
417 3805 532 3871 allegoria
543 3806 575 3854 ab
585 3821 646 3867 equo
656 3806 776 3855 indomito
786 3814 810 3855 et
822 3804 879 3855 dein
889 3811 978 3853 eoaato
989 3810 1081 3854 sumta
