2444 4276
489 379 696 422 soors-nn.
719 383 739 422 1.
1062 365 1128 424 m

107 525 177 591 eogit
188 526 222 575 ed
238 526 284 574 lrss
300 526 419 574 tenendas
429 532 456 574 st
471 526 658 588 persequendas.
692 525 739 574 Ex.
758 527 838 591 gretie
855 525 1033 589 philosophiam
1051 526 1128 586 ilum,

107 608 163 654 quoe
175 593 201 640 in
213 592 301 639 scholis
320 593 439 646 trudetur,
451 591 482 639 sb
501 601 595 639 oratore
613 606 711 653 prorsus
730 591 835 640 alienum
854 606 905 639 esse
924 591 1057 648 contendit,
1071 608 1128 655 quo

107 660 184 704 etium
196 659 248 705 suis
260 656 402 712 cultoribus,
411 664 438 704 ut
448 654 539 704 Rutilio
551 663 575 703 st
584 656 688 712 Socrati,
697 657 827 718 perniciem
839 657 960 705 attulerit:
976 664 1010 713 et,
1018 658 1082 719 quod
1095 658 1128 706 sd

110 723 155 786 jus
164 721 236 771 civile
249 723 361 777 attineat,
370 728 488 781 qnantum
501 722 647 782 experientia
658 722 754 777 docent,
767 723 798 768 sb
810 728 903 769 oretore
916 728 990 771 scuto
1002 730 1028 771 et
1038 727 1128 770 netum

108 802 205 849 usuque
217 786 305 834 callido
313 786 375 850 juris
386 785 559 848 peritissimum
570 787 659 848 stepius
671 801 726 834 esse
737 785 869 835 devictum

141 920 212 968 Seot.
224 919 264 968 47.
288 919 409 981 Istorum]
443 919 545 982 Sulpicii
556 926 582 968 ot
593 920 680 969 Cottu-

142 1003 290 1066 Perfectum
301 1003 350 1051 siln'
361 1019 422 1068 opus
433 1005 495 1067 esse]
529 1005 562 1052 Se
573 1004 599 1053 id
610 1006 674 1066 quod
685 1005 783 1054 volebat
796 1010 955 1055 consecutum
966 1019 1027 1056 esse.

141 1087 260 1137 Dicendo
271 1089 401 1151 mysterio]
436 1088 537 1137 Secreto
548 1096 677 1151 proeoepts.

141 1172 293 1222 Hominibus
304 1171 332 1220 id
344 1173 438 1234 stolis]
470 1173 530 1222 Jsm
541 1173 648 1220 senibus.

130 1252 210 1305 ‘Seot
222 1256 261 1305 48.
285 1255 481 1320 Deprehensum]
515 1256 675 1320 Oooupstum
687 1272 718 1306 ex
728 1256 868 1319 improviso.

143 1340 269 1403 Insolens]
304 1339 415 1397 Quorum
426 1357 496 1388 usum
505 1356 554 1389 non
562 1341 650 1389 habes:
667 1355 716 1388 non
725 1339 791 1389 enim
800 1339 917 1389 consuevi
927 1339 1021 1389 trudere
1030 1339 1131 1392 dicendi

108 1432 235 1489 proeoepts
245 1432 270 1473 et
281 1441 312 1474 es
323 1426 396 1473 valde
406 1426 542 1474 observare.

145 1510 210 1559 Cum
222 1517 287 1557 esset
298 1509 459 1570 constitutus]
493 1509 559 1557 Cum
570 1509 604 1557 ito
616 1516 683 1557 esset
695 1507 814 1557 definitus

143 1593 235 1644 Animo
247 1602 272 1643 et
282 1595 390 1643 scientio
402 1594 532 1659 compotes]
566 1593 634 1640 Setis
650 1593 768 1641 heberent
784 1590 931 1641 tortitudinis
946 1606 978 1641 oo
994 1590 1130 1656 prudentio

109 1684 181 1728 utos
193 1686 344 1744 prestarent
543 1668 545 1672 ’
903 1694 907 1701 ·

144 1763 188 1813 Aa
200 1762 346 1825 cavendum]
380 1762 422 1811 nd
432 1761 609 1824 providendum
619 1777 651 1809 ne
660 1759 699 1809 sui
710 1761 863 1810 consultores
874 1759 1034 1823 decipiantur.

145 1848 215 1896 Soet.
227 1848 266 1896 49.
290 1845 448 1908 Descrilere]
482 1842 628 1894 Describere
639 1852 678 1893 est
691 1843 800 1906 definire.

146 1932 214 1980 Soet.
227 1931 265 1980 50.
289 1929 427 1980 Duodecim
438 1930 549 1995 scriptis]
584 1927 684 1977 Ernesti
699 1943 817 1991 supposes
829 1929 871 1976 the
883 1943 957 1993 geme
968 1928 1025 1978 here
1034 1928 1132 1978 slludetl

111 2023 145 2074 to,
158 2023 184 2064 to
196 2016 227 2064 be
239 2016 280 2064 the
292 2030 361 2064 semo
373 2031 409 2074 ss,
421 2031 449 2063 or
460 2031 518 2079 very
529 2013 623 2063 similer
634 2020 667 2070 to,
680 2012 756 2061 cleos.

146 2101 215 2149 Sect.
228 2099 266 2147 51.
290 2098 405 2161 Miscere]
439 2098 478 2147 De
489 2105 591 2154 oratore,
603 2104 642 2146 est
654 2112 810 2146 commovere
822 2082 925 2144 snim'os.

146 2184 213 2233 Soet
225 2182 265 2232 52.
289 2183 456 2248 Impunitom]
489 2182 667 2238 Plenissimsm‚
679 2198 729 2230 non
741 2181 903 2230 imminutam.

147 2269 215 2318 Seot
228 2269 266 2317 53.
291 2269 323 2317 In
332 2270 462 2332 procinctu
472 2273 653 2324 testamentum,
662 2268 716 2314 sine
728 2265 791 2314 libro
801 2273 875 2329 utque
886 2263 988 2327 tabulis]
1022 2263 1133 2315 Tbetes·

112 2360 213 2403 tsment
223 2355 251 2401 ol
266 2352 387 2410 usoldier‚
399 2352 472 2400 mede
489 2351 561 2400 while
579 2352 610 2398 he
622 2367 675 2398 was
690 2350 799 2413 girding
817 2351 919 2398 himself
933 2350 970 2396 for
986 2351 1071 2409 battle,
1083 2350 1132 2398 eud

112 2439 218 2488 without
229 2438 272 2486 the
283 2438 354 2486 usuol
367 2435 602 2485 formalium-vid.
614 2434 719 2482 Adsm’s
732 2433 803 2482 Rom.
816 2434 900 2493 Antiq.

148 2522 215 2570 Soet
227 2521 266 2569 54.
289 2520 374 2570 Pena
387 2520 529 2581 estimatio]
563 2520 606 2567 An
618 2518 732 2566 estimato
743 2519 770 2564 of
781 2518 906 2581 damages.

148 2606 216 2655 Seot.
227 2606 266 2654 55.
289 2605 419 2665 Prosunt]
455 2604 487 2652 Ei
498 2619 596 2666 operum
609 2603 678 2658 dent,
690 2610 715 2650 et
726 2603 751 2650 in
762 2617 792 2650 eo
803 2602 932 2650 excellunt.

148 2690 216 2738 Seot
227 2689 266 2738 56.
293 2689 411 2752 coemtio]
445 2689 470 2736 A
481 2690 544 2736 form
555 2688 583 2735 ol
596 2688 717 2749 marriage
733 2692 849 2749 smongst
865 2686 907 2734 the
925 2682 1133 2734 Romans-vid.

115 2773 222 2823 Adsm’s
234 2772 305 2821 Rom.
316 2772 401 2835 Anth.

149 2856 267 2918 Eretum]
301 2856 343 2905 An
352 2864 439 2914 estete,
448 2855 595 2920 pstrimony.
624 2855 776 2912 Heronem,
785 2861 811 2902 to
819 2853 899 2902 divide
910 2869 943 2902 en
954 2859 1034 2903 estete
1044 2868 1135 2918 among

116 2941 307 2993 omens-Viri.
318 2942 424 2990 Adsm’s
436 2939 507 2990 Rom.
519 2940 603 3003 Antiq.
867 3006 869 3009 Ι

148 3025 275 3075 Allodens
285 3025 363 3087 uarie]
398 3024 518 3074 Alludere
530 3028 606 3082 varie,
619 3025 717 3082 dicitur,
730 3023 772 3088 qui
789 3024 894 3087 sliquem
910 3020 984 3071 vsriis
1001 3020 1136 3070 rationibus

116 3110 266 3176 aggreditur,
275 3117 303 3159 ut
313 3117 358 3160 sut
369 3110 400 3159 de
411 3109 533 3159 sententis
545 3111 660 3169 deducet,
670 3117 715 3159 sut
725 3108 752 3158 in
763 3123 835 3157 suam
846 3107 995 3156 sententiam
1007 3106 1123 3154 udduost.

536 3288 595 3337 Ger.
613 3285 716 3336 57-62.

151 3434 182 3483 In
194 3448 223 3481 eo
235 3440 320 3482 sutem
333 3433 395 3498 jure,
407 3435 472 3497 quod
489 3429 621 3495 ambigitur
637 3431 700 3478 inter
715 3428 885 3491 peritissimos,
899 3428 946 3489 (its
962 3429 1041 3492 pergit
1052 3426 1134 3475 Anto·

114 3498 186 3557 nius)
199 3514 248 3547 non
266 3505 305 3547 ost
323 3498 421 3547 difficile
438 3497 527 3546 orstori
543 3502 669 3545 auctorem
684 3494 747 3557 juris
764 3493 976 3543 consultissimum
993 3492 1107 3549 invenire,
1119 3506 1136 3540 s

116 3581 165 3629 quo
177 3570 293 3626 uooeptss
310 3565 395 3612 hostes
412 3563 462 3626 ipse
473 3564 522 3610 suis
533 3569 643 3623 torquere
660 3566 740 3624 potest
756 3559 869 3608 lacertis:
887 3575 935 3622 quo
946 3559 977 3606 sit
993 3562 1135 3630 contentus,

117 3629 241 3694 proeoipue
253 3629 318 3691 quod
331 3627 525 3692 jurisprudentiae
537 3627 655 3681 studium,
667 3626 707 3673 oui
723 3641 773 3673 non
784 3640 883 3672 omnem
896 3631 979 3671 temen
992 3619 1135 3682 abnegarim

117 3693 259 3749 utilitatem,
271 3692 345 3742 nimis
357 3694 487 3742 molestum
499 3699 523 3740 et
534 3689 633 3739 difficile
644 3696 689 3747 est,
702 3705 787 3752 neque,
796 3689 859 3751 quod
871 3703 956 3737 seeum
967 3688 1022 3743 lert,
1031 3683 1135 3757 tedium

117 3773 198 3820 seque
209 3764 308 3820 tempus
318 3759 344 3806 in
355 3758 396 3807 illo
407 3758 537 3806 ediscendo
548 3755 742 3805 consumendum
754 3756 777 3802 ei
789 3759 940 3814 oompensst
973 3749 1079 3809 Reliqua
1090 3756 1135 3796 etr-

118 3839 170 3883 um,
182 3822 309 3891 historipm
321 3824 376 3872 dioo
387 3830 413 3872 et
428 3822 583 3886 prudentiam
595 3820 658 3884 juris
674 3819 774 3882 publici,
786 3816 958 3880 antiquitatem
970 3822 996 3864 et
1011 3814 1135 3876 exemplo·
