2444 4276
114 372 177 431 242
488 389 695 431 norm—nm.
718 390 761 431 ιιι.

112 534 222 599 scrupuli
238 541 335 599 propter
350 534 463 598 promissi
474 533 616 600 religionem
634 550 665 584 ec
677 533 838 584 sanctitatem
848 551 924 597 quem
943 518 1015 587 nelos
1027 546 1064 588 est
1081 539 1130 589 vic·

113 618 170 668 lare

148 703 294 752 Censorium
306 703 354 765 est]
388 701 435 751 Est
445 701 554 753 censoris
565 702 592 753 id
601 703 692 764 sidere,
705 719 736 752 ne
752 702 811 769 quid
822 711 910 754 contra
920 703 1067 771 religionem
1078 721 1130 771 pec·
1209 724 1210 731 ¹

113 794 190 836 cetur.

557 1234 625 1285 LIB.
642 1234 695 1286 111.

551 1383 611 1433 Cer.
628 1383 699 1433 1-5.
790 1448 793 1451 v

511 1548 739 1584 ARGUMENTUH·

147 1678 234 1727 Cicero
245 1664 378 1733 decesseri,
387 1675 499 1734 Antonii,
508 1677 592 1725 Catuli
604 1675 705 1740 ejusque
716 1678 828 1734 sratmm,
838 1676 867 1726 L.
875 1683 900 1727 et
912 1677 941 1725 G.
950 1677 1069 1735 Caeseris,
1080 1679 1133 1728 Sul.
1211 1670 1212 1675 ¹

114 1741 220 1806 piciique
232 1743 298 1792 obitu
309 1741 382 1798 tristi,
390 1743 420 1790 de
428 1741 509 1790 Cottoe
518 1743 601 1790 exsilio
612 1748 637 1789 et
649 1744 679 1790 de
690 1744 719 1790 iis
730 1742 894 1803 solatiisque
906 1742 959 1804 ipsi,
967 1742 995 1791 in
1006 1744 1133 1806 republicl

115 1825 190 1871 quum
201 1815 339 1857 versaretur
355 1808 469 1872 'gerendd‚
481 1806 572 1855 similes
591 1823 664 1856 cesus
681 1815 780 1869 experto
800 1807 919 1855 salutaria
936 1806 1037 1865 fuerint,
1053 1811 1134 1857 mulla

114 1875 231 1936 prestetur
243 1881 394 1934 mortemque
411 1872 514 1929 illorum,
526 1871 566 1933 qui
585 1872 610 1918 in
627 1871 665 1919 his
677 1873 741 1920 libris
752 1872 903 1933 disputantes
919 1870 1081 1930 inducuntur,
1093 1875 1135 1921 de

115 1940 200 1999 plorat.
233 1938 301 1987 Tum
313 1939 412 1985 demum
424 1952 511 1992 sermo,
524 1937 594 2000 cujus
607 1935 704 1984 occasio
716 1937 852 1998 exponitur,
861 1936 980 1985 inclinato
989 1938 1045 2000 jem
1056 1937 1084 1986 in
1094 1953 1135 2000 po·

65 2020 67 2023 ·
115 2004 276 2052 meridianum
294 2014 391 2063 tempus
407 2003 455 2058 die,
472 2000 561 2050 iterum
580 2001 671 2063 incipit.
705 2002 818 2058 Crassus,
836 2009 863 2049 ut
883 2007 931 2049 stet
947 2001 1089 2063 promissis,
1106 2001 1136 2050 de

115 2069 235 2116 cretionis
246 2074 336 2116 ornatu
347 2082 401 2130 qum
412 2067 509 2123 sentiet,
521 2082 552 2114 ex
564 2081 608 2114 suo
620 2066 718 2131 ingenio
729 2067 807 2128 eloqui
820 2067 968 2130 aggreditur.

149 2189 216 2238 Sect.
229 2191 252 2235 1.
275 2186 478 2251 Pignoribueque
490 2186 592 2249 oblatio]
626 2187 683 2236 The
694 2193 807 2251 property
816 2189 844 2236 of
853 2187 958 2236 Crassus
968 2187 1046 2252 being
1056 2189 1136 2238 seized

115 2276 166 2324 end
177 2274 271 2323 carried
282 2271 322 2329 off,
335 2288 362 2320 es
376 2288 392 2320 e
403 2272 490 2336 pledge
502 2274 531 2319 ol
544 2273 582 2320 his
594 2271 734 2329 obedience,
746 2287 774 2320 or
784 2278 809 2320 to
822 2273 917 2333 compel
934 2273 986 2320 him
997 2279 1023 2321 to
1035 2274 1137 2322 become

115 2357 266 2407 subservierit
278 2364 303 2404 to
315 2358 357 2405 the
367 2357 443 2404 views
455 2357 483 2404 os
491 2357 533 2405 the
545 2357 637 2405 consul.
759 2421 762 2426 Ι

151 2440 305 2503 Concideris]
341 2439 485 2498 Concidere,
498 2442 617 2505 frangere,
630 2439 803 2490 comminuere.

149 2525 250 2576 Sect2.
275 2526 309 2574 In
325 2523 519 2577 auctoritatibus
534 2525 700 2589 prescriptis]
734 2524 790 2572 The
810 2538 895 2572 names
914 2525 943 2572 os
961 2523 1004 2572 the
1023 2531 1136 2575 senators

116 2627 180 2661 were
191 2610 296 2674 prefixed
307 2615 333 2658 to
344 2626 360 2658 s
371 2610 465 2666 deorse,
477 2609 549 2657 when
561 2609 580 2656 it
591 2625 642 2657 wes
653 2609 793 2672 ongrossed.

151 2693 332 2755 Golorruioeer]
368 2693 501 2745 colomeo
512 2692 615 2742 medicis
631 2692 756 2750 dicuntur,
767 2693 806 2755 qui
823 2692 910 2759 frigore
923 2691 999 2740 febrili
1016 2692 1135 2743 infesten·
1211 2670 1212 2685 ἵ

116 2786 162 2829 tut.

148 2862 187 2911 Ao
200 2863 317 2910 honorum
325 2860 508 2925 perfunctione]
542 2862 567 2910 A
578 2862 716 2918 consulatu,
728 2863 753 2909 in
764 2876 812 2924 quo
824 2867 863 2909 est
873 2859 929 2908 finis
941 2861 1071 2909 honorum.

150 2946 216 2995 Sect
228 2946 250 2994 3.
276 2946 366 2995 Graeco
384 2961 411 2994 ee
431 2947 557 3009 dicarant]
590 2944 656 2995 Who
675 2947 725 2994 hed
745 2945 862 2994 attached
880 2945 1028 2993 themselves
1046 2949 1073 2993 to
1091 2944 1134 2994 the
1211 2988 1212 3001 ,

116 3038 187 3098 party
197 3032 226 3079 os
234 3031 345 3079 Crassus

149 3119 215 3165 Soet
226 3117 249 3165 5.
273 3113 429 3178 Exhedrom]
464 3116 494 3164 Id
506 3122 550 3174 est,
563 3116 644 3163 locum
661 3112 767 3162 triclinio
778 3119 803 3161 et
814 3113 941 3161 coenaculo
957 3110 1077 3163 similem:
1094 3109 1136 3161 ubi
1211 3128 1212 3163 l

116 3219 164 3251 non
176 3202 233 3250 lecti
246 3201 276 3249 ed
289 3201 465 3257 dormiendum,
477 3202 521 3249 sed
538 3200 608 3248 sedes
620 3205 664 3247 eut
676 3198 798 3246 cathedre
813 3197 845 3244 ed
858 3196 1004 3253 sedendum,
1015 3196 1056 3247 vel
1067 3210 1136 3245 recu·
1211 3198 1212 3259 ξ

116 3287 224 3336 bendum
235 3285 280 3335 otii
291 3298 368 3339 cause
379 3291 562 3349 apponerentur.

150 3371 251 3418 Imuene
262 3369 367 3431 serrum]
401 3369 443 3418 Ad
455 3369 636 3432 disputandum,
648 3366 711 3429 quod
722 3366 763 3416 vel
774 3365 890 3422 sedendo,
900 3364 940 3414 vel
956 3361 1136 3412 inambulando

116 3454 197 3503 fiebat.

543 3580 603 3631 cir.
621 3578 707 3627 5-10.

150 3692 186 3739 Ut
196 3693 291 3741 nullum
302 3708 389 3756 genus,
405 3692 491 3753 inquit,
503 3707 584 3741 rernm
600 3691 626 3739 in
637 3696 727 3739 nature
738 3707 754 3740 e
766 3689 863 3740 caeteris
874 3691 988 3739 evulsum
1005 3704 1050 3751 per
1061 3704 1088 3738 se
1100 3689 1136 3751 lp·

118 3762 289 3811 summumst,
298 3757 340 3804 sed
352 3754 436 3804 omnia
448 3761 498 3803 und
509 3757 533 3803 vi
545 3763 617 3816 etque
630 3755 792 3804 consensione
804 3755 939 3804 constricte
949 3761 1026 3816 sunt3
1042 3753 1080 3803 ite
1092 3754 1137 3803 eti·

119 3834 161 3865 nm
178 3818 313 3880 eloquentia
329 3835 406 3868 unum
417 3827 461 3877 est,
473 3819 544 3883 cujus
560 3821 633 3867 modo
652 3820 745 3883 ingenii
764 3820 867 3869 humani
880 3819 1037 3871 imbecillitas
1053 3825 1138 3883 partes
