2434 4286
316 356 512 400 nnomman
524 354 790 400 ammonemus.
1000 341 1107 427 1412,

592 456 602 481 Χ

42 507 184 586 impetus
198 521 324 577 eorum,
334 502 390 583 qui
405 502 554 575 audiunt,
569 512 628 566 aut
641 503 863 585 impellantur,
875 513 934 567 aut
948 504 1061 568 reflec-

42 599 164 651 tantur.
473 638 476 643 .

82 673 195 751 Atque
211 673 313 734 etiam
330 673 365 732 in
387 672 444 734 illo
458 670 660 753 reprehendo
674 690 739 743 eos,
754 673 820 751 qni,
834 691 907 752 qum
929 673 1062 736 minime

43 756 138 818 firma
152 765 240 828 sunt,
254 776 297 817 ea
310 758 419 837 prima
433 757 605 819 collocant.
648 755 685 817 In
699 775 763 834 quo
778 756 851 818 illos
865 776 992 836 quoque
1013 778 1061 820 er·
1079 784 1085 795 ⁸

42 860 115 902 rare
135 841 296 912 arbitror,
319 843 384 920 qui,
406 839 587 920 siquando
609 837 657 904 (id
681 840 766 920 quod
788 841 869 902 mihi
894 861 1063 921 nunquam

43 925 182 1005 placuit)
200 925 310 1005 plures
328 924 485 986 adhibent
507 932 671 1004 patronos
685 934 722 985 ut
744 925 779 985 in
800 945 927 1005 quoque
949 945 1062 988 eorum

42 1009 217 1070 minimum
239 1019 359 1088 putant
381 1028 462 1080 esse,
477 1008 525 1069 ita
546 1027 623 1070 eum
646 1010 787 1088 primum
806 1009 920 1071 volunt
943 1009 1060 1073 dicere.

41 1090 108 1153 Res
123 1096 213 1154 euim
234 1092 296 1154 hoc
318 1093 473 1172 postulat,
489 1102 525 1155 ut
546 1112 661 1153 eorum
682 1094 913 1172 expectationi,
928 1095 983 1173 qui
1005 1113 1062 1155 au-

43 1175 147 1247 diunt,
162 1178 261 1256 quum
273 1177 441 1239 celerrime
457 1185 664 1239 occurratur:
687 1178 741 1238 cui
756 1177 791 1238 si‘
805 1179 900 1239 initio
914 1178 1062 1240 satisfac-

42 1270 114 1322 tum
130 1279 195 1321 non
212 1261 263 1333 sit,
277 1261 380 1322 multi)
391 1262 464 1341 plus
478 1263 520 1321 sit
535 1262 569 1321 in
583 1260 708 1339 reliqua
722 1262 822 1321 causi
837 1262 1061 1325 laborandum.

44 1343 137 1406 Mate
153 1345 292 1405 enimse
308 1364 361 1405 res
383 1343 493 1415 hahet,
507 1364 580 1423 quae
602 1364 667 1406 non
683 1346 803 1416 statim,
814 1356 851 1405 ut
866 1345 931 1406 dici
953 1358 1064 1427 coepta

44 1439 105 1500 est,
120 1429 237 1490 melior
258 1428 329 1489 fieri
351 1429 488 1490 videtur.
534 1428 633 1506 Ergo,
648 1437 684 1489 ut
708 1431 740 1489 in
765 1438 893 1490 oratore
919 1430 1063 1509 optimus

44 1516 193 1592 quisque,
217 1513 265 1573 sic
295 1522 328 1575 et
357 1517 391 1575 in
416 1514 573 1583 oratioue,
598 1513 818 1573 firmissimum
847 1512 996 1593 quodque
1021 1517 1063 1577 sit

44 1598 210 1678 primum3
235 1595 314 1658 durn
336 1596 416 1658 illud
438 1598 600 1658 tamenin
620 1607 756 1675 utroque
778 1605 939 1670 teneatur,
953 1607 990 1659 ut
1012 1619 1063 1671 ea,

44 1698 118 1761 quae
134 1678 496 1751 excellautfserveutur
509 1681 612 1742 etiam
627 1680 669 1740 nd
684 1681 920 1760 perorandum:
946 1683 974 1742 si
989 1702 1063 1761 quae

31 1775 143 1826 erunt
159 1764 346 1835 mediocria,
362 1784 439 1827 nam
454 1764 594 1839 (vitiosis
608 1784 770 1843 nusquam
785 1785 857 1826 esse
872 1775 999 1845 oportet
1019 1768 1063 1829 lc·

44 1845 135 1925 cium)
154 1849 189 1909 in
203 1849 347 1910 mediam
361 1848 503 1920 turbam,
515 1858 614 1928 atque
630 1851 663 1910 in
678 1868 823 1927 gregem,
835 1853 1061 1930 conjiciantur.

88 1933 194 1995 Hisce
218 1933 367 1993 omnibus
395 1933 495 1994 rebus
521 1933 743 2006 consideratio,
764 1943 835 1996 tum
857 1932 996 2014 denique
1020 1935 1063 2007 id,

45 2017 133 2098 quod
155 2018 297 2099 primum
312 2028 362 2078 est
375 2017 558 2089 dicendum,
580 2019 780 2109 ppstremirm
801 2018 890 2079 soleo
907 2020 1063 2098 cogitare,

45 2122 109 2183 quo
124 2115 203 2163 utar
224 2101 376 2164 exordio:
399 2121 487 2172 narn,
502 2102 530 2163 si
545 2101 676 2181 quando
697 2101 730 2164 id
751 2103 892 2183 primum
914 2104 1062 2167 invenire
1108 2114 1115 2128 ·
1138 2141 1145 2155 ·

45 2188 146 2257 volui,
161 2186 289 2247 nullum
303 2186 384 2247 mibi
398 2188 549 2257 occurrit,
564 2188 627 2247 nisi
643 2195 702 2248 aut
716 2188 811 2260 exile,
822 2196 882 2249 aut
897 2191 1063 2266 nugatori·

45 2289 111 2343 um,
127 2279 188 2331 aut
203 2271 352 2348 vulgare,
366 2280 465 2349 atque
481 2290 663 2331 commune.

88 2353 267 2417 LXXVlll.
290 2353 457 2434 Principia
472 2364 583 2416 autern
595 2354 726 2417 dicendi
739 2374 869 2437 semper
880 2358 954 2418 curn
966 2376 1063 2419 accu-

45 2449 130 2512 rata,
146 2447 181 2500 et
203 2447 313 2510 acuta,
327 2447 362 2500 et
383 2440 545 2500 instructa
566 2440 744 2511 sententiis,
758 2449 839 2520 apta
860 2441 980 2513 verbis,
994 2450 1065 2502 tum

45 2523 125 2584 vero
149 2541 327 2584 causarum
349 2525 490 2604 propria,
505 2543 576 2584 esse
599 2521 728 2584 debent.
773 2522 885 2585 Prima
903 2534 952 2586 est
976 2526 1064 2587 enim

45 2608 141 2686 quasi
166 2609 310 2684 cognitio
332 2618 366 2668 et
388 2607 629 2669 commendatio
651 2608 807 2669 orationis
835 2609 870 2669 in
895 2609 1064 2689 principio,

45 2710 118 2771 quae
134 2691 292 2752 continuo
306 2711 393 2762 eum,
407 2693 463 2770 qui
478 2692 579 2762 audit,
594 2691 796 2772 permulcere
812 2701 910 2772 atque
930 2693 1063 2754 allicere

45 2775 154 2837 debet.
199 2774 236 2836 In
257 2795 322 2855 quo
345 2776 501 2837 admirari
525 2777 628 2847 soleo,
645 2795 709 2837 non
731 2775 881 2855 equidem
903 2778 991 2847 istos,
1008 2777 1064 2854 qui

45 2861 174 2922 nullam
196 2859 272 2922 huic
287 2861 335 2921 rei
356 2878 491 2941 operam
505 2859 673 2930 dederunt,
687 2859 744 2920 sed
767 2859 930 2923 hominem
945 2862 978 2922 in
1000 2860 1063 2940 pri-

45 2946 108 3006 mis
130 2943 291 3006 disertum
312 2953 411 3023 atque
427 2943 600 3016 eruditum,
622 2942 818 3027 Philippum,
831 2947 888 3024 qui
909 2947 959 3006 ita
980 2945 1064 3007 solet

46 3028 88 3091 ad
103 3028 280 3090 dicendum
294 3047 438 3106 surgere,
454 3037 499 3100 ut,
513 3028 600 3113 quod
621 3028 914 3127 primumpverbum
935 3028 1063 3091 habitu·

46 3132 101 3174 rus
117 3115 169 3184 sit,
178 3115 324 3193 nespiat;
347 3124 380 3174 et
395 3112 639 3185 nitidem,ci1m
654 3111 826 3174 brachtum
841 3113 1063 3175 concalesece·
1168 3154 1175 3171 .

34 3199 98 3270 rit,
120 3206 194 3258 tum
216 3216 251 3258 se
275 3198 378 3258 solere
403 3215 569 3276 pugnare:
591 3214 697 3275 neque
721 3196 872 3268 attendit,
890 3217 946 3258 eos
968 3199 1063 3276 ipsos,

46 3281 134 3344 unde
150 3280 213 3343 hcc
228 3282 334 3343 simile
356 3281 466 3351 ducat,
487 3281 563 3342 illas
588 3281 711 3361 primas
733 3280 846 3341 hastas
861 3282 910 3342 ita
931 3282 1062 3358 jactare

45 3366 176 3437 leniter,
190 3373 228 3427 ut
242 3375 276 3427 et
290 3366 457 3427 venustati
472 3365 526 3426 vel
550 3364 692 3426 maxime
713 3366 868 3435 serviant,
883 3375 916 3425 et
930 3363 1064 3443 reliquis

45 3451 172 3514 viribus
194 3451 262 3512 suis
283 3450 465 3512 consulant.
508 3447 625 3528 Neque
640 3456 690 3509 est
713 3448 858 3520 dubium,
872 3449 950 3528 quin
973 3467 1063 3509 exor·
1132 3526 1135 3532 Ι

45 3534 136 3599 dium
147 3533 276 3596 dicendi
287 3534 465 3596 vehemens
477 3541 511 3594 et
524 3551 660 3615 pugnax
671 3552 734 3593 uon
747 3532 833 3614 saepe
845 3552 915 3594 esse
927 3532 1062 3595 debeatr

45 3620 112 3693 sed,
128 3622 155 3681 si
171 3619 205 3679 iu
220 3621 291 3700 ipso
306 3619 362 3680 illo
385 3618 580 3696 gladiatorio
596 3618 672 3678 vitae
688 3619 877 3690 certamine,
891 3636 955 3697 quc
977 3616 1063 3679 ferro

45 3704 243 3776 decernitur,
254 3713 368 3765 tamen
379 3711 455 3764 ante
468 3718 679 3780 congressum
689 3701 797 3763 multa
810 3701 902 3773 fiunt,
913 3721 985 3780 quas
996 3719 1062 3763 non

46 3790 89 3854 ad
110 3789 242 3861 vulnus,
263 3787 321 3850 sed
344 3786 388 3849 ad
409 3787 562 3868 speciem,
583 3784 696 3847 valere
717 3784 911 3853 rideanturr
939 3790 1062 3861 qrmuto
