<?xml version="1.0" encoding="UTF-8"?>
<!DOCTYPE html PUBLIC "-//W3C//DTD XHTML 1.0 Transitional//EN"
    "http://www.w3.org/TR/xhtml1/DTD/xhtml1-transitional.dtd">
<html xmlns="http://www.w3.org/1999/xhtml" xml:lang="en" lang="en">
 <head>
  <title>
</title>
<meta http-equiv="Content-Type" content="text/html;charset=utf-8" />
  <meta name='ocr-system' content='tesseract 3.04.00' />
  <meta name='ocr-capabilities' content='ocr_page ocr_carea ocr_par ocr_line ocrx_word'/>
</head>
<body>
  <div class='ocr_page' id='page_1' title='image "./mtulliiciceroni00kinggoog_0055.png"; bbox 0 0 2452 4290; ppageno 0'>
   <div class='ocr_carea' id='block_1_1' title="bbox 333 344 1068 403">
    <p class='ocr_par' dir='ltr' id='par_1_1' title="bbox 333 344 1068 403">
     <span class='ocr_line' id='line_1_1' title="bbox 333 344 1068 403; baseline 0 -1"><span class='ocrx_word' id='word_1_1' title='bbox 333 360 375 402; x_wconf 80' lang='lat' dir='ltr'>en</span> <span class='ocrx_word' id='word_1_2' title='bbox 393 361 535 402; x_wconf 79' lang='lat' dir='ltr'>osnrouu</span> <span class='ocrx_word' id='word_1_3' title='bbox 556 360 644 401; x_wconf 74' lang='lat' dir='ltr'>erres</span> <span class='ocrx_word' id='word_1_4' title='bbox 667 356 785 403; x_wconf 73' lang='lat' dir='ltr'>eeteros.</span> <span class='ocrx_word' id='word_1_5' title='bbox 1026 344 1068 402; x_wconf 72' lang='lat'>4⁷</span> 
     </span>
    </p>
   </div>
   <div class='ocr_carea' id='block_1_2' title="bbox 47 506 1081 3541">
    <p class='ocr_par' dir='ltr' id='par_1_2' title="bbox 47 506 1081 3277">
     <span class='ocr_line' id='line_1_2' title="bbox 50 506 1069 585; baseline -0.001 -14"><span class='ocrx_word' id='word_1_6' title='bbox 50 510 240 571; x_wconf 79' lang='lat' dir='ltr'>acutissimo</span> <span class='ocrx_word' id='word_1_7' title='bbox 255 509 404 569; x_wconf 89' lang='lat' dir='ltr'>omnium</span> <span class='ocrx_word' id='word_1_8' title='bbox 419 508 561 585; x_wconf 87' lang='lat' dir='ltr'>ingenio,</span> <span class='ocrx_word' id='word_1_9' title='bbox 575 507 633 569; x_wconf 90' lang='lat' dir='ltr'>sed</span> <span class='ocrx_word' id='word_1_10' title='bbox 647 507 782 568; x_wconf 74' lang='lat' dir='ltr'>minime</span> <span class='ocrx_word' id='word_1_11' title='bbox 800 508 928 569; x_wconf 75' lang='lat' dir='ltr'>ceteris</span> <span class='ocrx_word' id='word_1_12' title='bbox 942 506 1069 571; x_wconf 84' lang='lat' dir='ltr'>artibus</span> 
     </span>
     <span class='ocr_line' id='line_1_3' title="bbox 50 591 1067 674; baseline 0.001 -21"><span class='ocrx_word' id='word_1_13' title='bbox 50 594 221 665; x_wconf 88' lang='lat' dir='ltr'>eruditum,</span> <span class='ocrx_word' id='word_1_14' title='bbox 237 591 275 652; x_wconf 84' lang='grc' dir='ltr'>Ο.</span> <span class='ocrx_word' id='word_1_15' title='bbox 292 592 504 663; x_wconf 80' lang='lat' dir='ltr'><strong>Aculeonem,</strong></span> <span class='ocrx_word' id='word_1_16' title='bbox 525 593 582 671; x_wconf 90' lang='lat' dir='ltr'>qui</span> <span class='ocrx_word' id='word_1_17' title='bbox 604 610 734 653; x_wconf 91' lang='lat' dir='ltr'>mecum</span> <span class='ocrx_word' id='word_1_18' title='bbox 757 593 849 662; x_wconf 88' lang='lat' dir='ltr'>vivit,</span> <span class='ocrx_word' id='word_1_19' title='bbox 873 611 1067 674; x_wconf 85' lang='lat' dir='ltr'><strong>semperque</strong></span> 
     </span>
     <span class='ocr_line' id='line_1_4' title="bbox 49 674 1068 754; baseline -0.001 -16"><span class='ocrx_word' id='word_1_20' title='bbox 49 679 134 748; x_wconf 81' lang='lat' dir='ltr'>vixit,</span> <span class='ocrx_word' id='word_1_21' title='bbox 148 680 202 739; x_wconf 87' lang='lat' dir='ltr'>ita</span> <span class='ocrx_word' id='word_1_22' title='bbox 217 685 334 737; x_wconf 87' lang='lat' dir='ltr'>tenere</span> <span class='ocrx_word' id='word_1_23' title='bbox 345 678 401 754; x_wconf 87' lang='lat' dir='ltr'>jus</span> <span class='ocrx_word' id='word_1_24' title='bbox 413 677 521 748; x_wconf 90' lang='lat' dir='ltr'>civile,</span> <span class='ocrx_word' id='word_1_25' title='bbox 533 685 568 737; x_wconf 91' lang='lat' dir='ltr'>ut</span> <span class='ocrx_word' id='word_1_26' title='bbox 580 678 620 746; x_wconf 92' lang='lat' dir='ltr'>ei,</span> <span class='ocrx_word' id='word_1_27' title='bbox 632 678 706 737; x_wconf 79' lang='lat' dir='ltr'>crim</span> <span class='ocrx_word' id='word_1_28' title='bbox 719 675 762 736; x_wconf 84' lang='lat' dir='ltr'>ab</span> <span class='ocrx_word' id='word_1_29' title='bbox 775 674 835 737; x_wconf 88' lang='lat' dir='ltr'>hoc</span> <span class='ocrx_word' id='word_1_30' title='bbox 847 674 1068 749; x_wconf 74' lang='lat' dir='ltr'>discesseritis,</span> 
     </span>
     <span class='ocr_line' id='line_1_5' title="bbox 48 757 1067 840; baseline 0 -18"><span class='ocrx_word' id='word_1_31' title='bbox 48 780 138 822; x_wconf 89' lang='lat' dir='ltr'>nemo</span> <span class='ocrx_word' id='word_1_32' title='bbox 153 761 197 821; x_wconf 88' lang='lat' dir='ltr'>de</span> <span class='ocrx_word' id='word_1_33' title='bbox 214 761 257 821; x_wconf 91' lang='lat' dir='ltr'>iis</span> <span class='ocrx_word' id='word_1_34' title='bbox 272 760 328 839; x_wconf 93' lang='lat' dir='ltr'>qui</span> <span class='ocrx_word' id='word_1_35' title='bbox 346 761 534 839; x_wconf 84' lang='lat' dir='ltr'>peritissimi</span> <span class='ocrx_word' id='word_1_36' title='bbox 557 768 642 832; x_wconf 88' lang='lat' dir='ltr'>sunt,</span> <span class='ocrx_word' id='word_1_37' title='bbox 664 757 909 840; x_wconf 87' lang='lat' dir='ltr'>anteponaturl</span> <span class='ocrx_word' id='word_1_38' title='bbox 946 760 1067 823; x_wconf 86' lang='lat' dir='ltr'>Omnia</span> 
     </span>
     <span class='ocr_line' id='line_1_6' title="bbox 48 844 1067 924; baseline 0.001 -19"><span class='ocrx_word' id='word_1_39' title='bbox 48 854 118 906; x_wconf 88' lang='lat' dir='ltr'>sunt</span> <span class='ocrx_word' id='word_1_40' title='bbox 128 846 221 907; x_wconf 91' lang='lat' dir='ltr'>enim</span> <span class='ocrx_word' id='word_1_41' title='bbox 233 845 344 924; x_wconf 86' lang='lat' dir='ltr'>posita</span> <span class='ocrx_word' id='word_1_42' title='bbox 356 853 433 905; x_wconf 88' lang='lat' dir='ltr'>ante</span> <span class='ocrx_word' id='word_1_43' title='bbox 445 845 565 915; x_wconf 89' lang='lat' dir='ltr'>oculos,</span> <span class='ocrx_word' id='word_1_44' title='bbox 577 844 739 906; x_wconf 87' lang='lat' dir='ltr'>collocata</span> <span class='ocrx_word' id='word_1_45' title='bbox 750 846 784 904; x_wconf 89' lang='lat' dir='ltr'>in</span> <span class='ocrx_word' id='word_1_46' title='bbox 796 864 858 906; x_wconf 91' lang='lat' dir='ltr'>usu</span> <span class='ocrx_word' id='word_1_47' title='bbox 869 845 1067 924; x_wconf 85' lang='lat' dir='ltr'>quotidiano,</span> 
     </span>
     <span class='ocr_line' id='line_1_7' title="bbox 48 927 1067 1008; baseline 0.001 -19"><span class='ocrx_word' id='word_1_48' title='bbox 48 930 79 989; x_wconf 89' lang='lat' dir='ltr'>in</span> <span class='ocrx_word' id='word_1_49' title='bbox 107 930 343 1006; x_wconf 85' lang='lat' dir='ltr'>congressione</span> <span class='ocrx_word' id='word_1_50' title='bbox 373 927 541 989; x_wconf 90' lang='lat' dir='ltr'>hominum</span> <span class='ocrx_word' id='word_1_51' title='bbox 571 938 670 1007; x_wconf 87' lang='lat' dir='ltr'>atque</span> <span class='ocrx_word' id='word_1_52' title='bbox 697 931 731 990; x_wconf 88' lang='lat' dir='ltr'>iu</span> <span class='ocrx_word' id='word_1_53' title='bbox 761 928 851 989; x_wconf 89' lang='lat' dir='ltr'>soro:</span> <span class='ocrx_word' id='word_1_54' title='bbox 883 948 987 1008; x_wconf 91' lang='lat' dir='ltr'>neque</span> <span class='ocrx_word' id='word_1_55' title='bbox 1018 932 1067 990; x_wconf 85' lang='lat' dir='ltr'>ita</span> 
     </span>
     <span class='ocr_line' id='line_1_8' title="bbox 48 1012 1065 1090; baseline 0.002 -17"><span class='ocrx_word' id='word_1_56' title='bbox 48 1014 156 1074; x_wconf 89' lang='lat' dir='ltr'>multis</span> <span class='ocrx_word' id='word_1_57' title='bbox 172 1014 281 1073; x_wconf 89' lang='lat' dir='ltr'>literis</span> <span class='ocrx_word' id='word_1_58' title='bbox 296 1020 356 1073; x_wconf 85' lang='lat' dir='ltr'>aut</span> <span class='ocrx_word' id='word_1_59' title='bbox 371 1012 592 1074; x_wconf 83' lang='lat' dir='ltr'>voluminibus</span> <span class='ocrx_word' id='word_1_60' title='bbox 613 1015 743 1090; x_wconf 82' lang='lat' dir='ltr'>magnis</span> <span class='ocrx_word' id='word_1_61' title='bbox 761 1014 989 1075; x_wconf 84' lang='lat' dir='ltr'>continentur:</span> <span class='ocrx_word' id='word_1_62' title='bbox 1012 1034 1065 1075; x_wconf 87' lang='lat' dir='ltr'>ea·</span> 
     </span>
     <span class='ocr_line' id='line_1_9' title="bbox 48 1095 1067 1177; baseline 0.003 -21"><span class='ocrx_word' id='word_1_63' title='bbox 48 1096 118 1157; x_wconf 89' lang='lat' dir='ltr'>dem</span> <span class='ocrx_word' id='word_1_64' title='bbox 134 1098 228 1157; x_wconf 89' lang='lat' dir='ltr'>enim</span> <span class='ocrx_word' id='word_1_65' title='bbox 243 1106 320 1156; x_wconf 87' lang='lat' dir='ltr'>sunt</span> <span class='ocrx_word' id='word_1_66' title='bbox 335 1097 426 1157; x_wconf 85' lang='lat' dir='ltr'>elata</span> <span class='ocrx_word' id='word_1_67' title='bbox 440 1099 580 1176; x_wconf 80' lang='lat' dir='ltr'>primum</span> <span class='ocrx_word' id='word_1_68' title='bbox 592 1117 613 1156; x_wconf 88' lang='lat' dir='ltr'>a</span> <span class='ocrx_word' id='word_1_69' title='bbox 624 1096 790 1176; x_wconf 89' lang='lat' dir='ltr'>pluribus;</span> <span class='ocrx_word' id='word_1_70' title='bbox 812 1095 939 1169; x_wconf 88' lang='lat' dir='ltr'>deinde,</span> <span class='ocrx_word' id='word_1_71' title='bbox 951 1100 1067 1177; x_wconf 85' lang='lat' dir='ltr'>paucis</span> 
     </span>
     <span class='ocr_line' id='line_1_10' title="bbox 48 1179 1066 1262; baseline 0.003 -22"><span class='ocrx_word' id='word_1_72' title='bbox 48 1180 156 1242; x_wconf 86' lang='lat' dir='ltr'>verbis</span> <span class='ocrx_word' id='word_1_73' title='bbox 171 1182 395 1253; x_wconf 89' lang='lat' dir='ltr'>commutatis,</span> <span class='ocrx_word' id='word_1_74' title='bbox 410 1183 512 1242; x_wconf 86' lang='lat' dir='ltr'>etiam</span> <span class='ocrx_word' id='word_1_75' title='bbox 527 1180 570 1242; x_wconf 88' lang='lat' dir='ltr'>ab</span> <span class='ocrx_word' id='word_1_76' title='bbox 586 1179 700 1241; x_wconf 88' lang='lat' dir='ltr'>iisdem</span> <span class='ocrx_word' id='word_1_77' title='bbox 716 1181 927 1262; x_wconf 83' lang='lat' dir='ltr'>scriptoribus</span> <span class='ocrx_word' id='word_1_78' title='bbox 942 1182 1066 1262; x_wconf 85' lang='lat' dir='ltr'>scripta</span> 
     </span>
     <span class='ocr_line' id='line_1_11' title="bbox 48 1264 1063 1345; baseline 0.001 -20"><span class='ocrx_word' id='word_1_79' title='bbox 48 1273 122 1325; x_wconf 88' lang='lat' dir='ltr'>sunt</span> <span class='ocrx_word' id='word_1_80' title='bbox 137 1266 272 1344; x_wconf 80' lang='lat' dir='ltr'>saepius</span> <span class='ocrx_word' id='word_1_81' title='bbox 317 1264 454 1326; x_wconf 88' lang='lat' dir='ltr'>Accedit</span> <span class='ocrx_word' id='word_1_82' title='bbox 468 1264 558 1337; x_wconf 79' lang='lat' dir='ltr'>vero,</span> <span class='ocrx_word' id='word_1_83' title='bbox 572 1264 636 1343; x_wconf 80' lang='lat' dir='ltr'>qud</span> <span class='ocrx_word' id='word_1_84' title='bbox 651 1264 781 1326; x_wconf 79' lang='lat' dir='ltr'>facilius</span> <span class='ocrx_word' id='word_1_85' title='bbox 803 1266 929 1345; x_wconf 89' lang='lat' dir='ltr'>percipi</span> <span class='ocrx_word' id='word_1_86' title='bbox 948 1285 1063 1343; x_wconf 85' lang='lat' dir='ltr'>cogno·</span> 
     </span>
     <span class='ocr_line' id='line_1_12' title="bbox 47 1346 1066 1429; baseline -0.002 -19"><span class='ocrx_word' id='word_1_87' title='bbox 47 1349 157 1428; x_wconf 87' lang='lat' dir='ltr'>scique</span> <span class='ocrx_word' id='word_1_88' title='bbox 183 1349 243 1426; x_wconf 86' lang='lat' dir='ltr'>jus</span> <span class='ocrx_word' id='word_1_89' title='bbox 272 1349 369 1410; x_wconf 83' lang='lat' dir='ltr'>civile</span> <span class='ocrx_word' id='word_1_90' title='bbox 395 1350 505 1429; x_wconf 86' lang='lat' dir='ltr'>possit,</span> <span class='ocrx_word' id='word_1_91' title='bbox 527 1346 626 1427; x_wconf 83' lang='lat' dir='ltr'>(quod</span> <span class='ocrx_word' id='word_1_92' title='bbox 651 1348 783 1409; x_wconf 81' lang='lat' dir='ltr'>minime</span> <span class='ocrx_word' id='word_1_93' title='bbox 808 1348 954 1428; x_wconf 88' lang='lat' dir='ltr'>plerique</span> <span class='ocrx_word' id='word_1_94' title='bbox 981 1348 1066 1409; x_wconf 86' lang='lat' dir='ltr'>arbi·</span> 
     </span>
     <span class='ocr_line' id='line_1_13' title="bbox 47 1431 1065 1512; baseline -0.002 -18"><span class='ocrx_word' id='word_1_95' title='bbox 47 1431 189 1512; x_wconf 83' lang='lat' dir='ltr'>trantur)</span> <span class='ocrx_word' id='word_1_96' title='bbox 207 1433 295 1493; x_wconf 88' lang='lat' dir='ltr'>mira</span> <span class='ocrx_word' id='word_1_97' title='bbox 309 1432 459 1512; x_wconf 83' lang='lat' dir='ltr'>quaedam</span> <span class='ocrx_word' id='word_1_98' title='bbox 481 1435 515 1494; x_wconf 89' lang='lat' dir='ltr'>in</span> <span class='ocrx_word' id='word_1_99' title='bbox 537 1431 763 1510; x_wconf 85' lang='lat' dir='ltr'>cognoscendo</span> <span class='ocrx_word' id='word_1_100' title='bbox 786 1432 935 1491; x_wconf 79' lang='lat' dir='ltr'>suavitas</span> <span class='ocrx_word' id='word_1_101' title='bbox 957 1439 990 1491; x_wconf 90' lang='lat' dir='ltr'>et</span> <span class='ocrx_word' id='word_1_102' title='bbox 1012 1432 1065 1492; x_wconf 93' lang='lat' dir='ltr'>de-</span> 
     </span>
     <span class='ocr_line' id='line_1_14' title="bbox 47 1514 1065 1596; baseline -0.001 -19"><span class='ocrx_word' id='word_1_103' title='bbox 47 1515 194 1579; x_wconf 79' lang='lat' dir='ltr'>lectatio.</span> <span class='ocrx_word' id='word_1_104' title='bbox 232 1514 332 1588; x_wconf 87' lang='lat' dir='ltr'>Nam,</span> <span class='ocrx_word' id='word_1_105' title='bbox 344 1518 413 1578; x_wconf 84' lang='lat' dir='ltr'>sive</span> <span class='ocrx_word' id='word_1_106' title='bbox 426 1536 523 1596; x_wconf 90' lang='lat' dir='ltr'>quem</span> <span class='ocrx_word' id='word_1_107' title='bbox 538 1517 650 1578; x_wconf 88' lang='lat' dir='ltr'>aliena</span> <span class='ocrx_word' id='word_1_108' title='bbox 664 1515 774 1577; x_wconf 88' lang='lat' dir='ltr'>studia</span> <span class='ocrx_word' id='word_1_109' title='bbox 787 1514 973 1586; x_wconf 81' lang='lat' dir='ltr'>delectant3</span> <span class='ocrx_word' id='word_1_110' title='bbox 995 1515 1065 1594; x_wconf 93' lang='lat' dir='ltr'>plu·</span> 
     </span>
     <span class='ocr_line' id='line_1_15' title="bbox 47 1597 1065 1679; baseline -0.001 -18"><span class='ocrx_word' id='word_1_111' title='bbox 47 1601 131 1662; x_wconf 85' lang='lat' dir='ltr'>rima</span> <span class='ocrx_word' id='word_1_112' title='bbox 146 1610 209 1670; x_wconf 93' lang='lat' dir='ltr'>est,</span> <span class='ocrx_word' id='word_1_113' title='bbox 225 1610 260 1662; x_wconf 92' lang='lat' dir='ltr'>et</span> <span class='ocrx_word' id='word_1_114' title='bbox 274 1603 310 1662; x_wconf 89' lang='lat' dir='ltr'>in</span> <span class='ocrx_word' id='word_1_115' title='bbox 323 1602 410 1662; x_wconf 84' lang='lat' dir='ltr'>omni</span> <span class='ocrx_word' id='word_1_116' title='bbox 420 1604 495 1678; x_wconf 86' lang='lat' dir='ltr'>jure</span> <span class='ocrx_word' id='word_1_117' title='bbox 520 1601 619 1671; x_wconf 83' lang='lat' dir='ltr'>ci’vili,</span> <span class='ocrx_word' id='word_1_118' title='bbox 640 1608 674 1661; x_wconf 93' lang='lat' dir='ltr'>et</span> <span class='ocrx_word' id='word_1_119' title='bbox 696 1600 730 1660; x_wconf 90' lang='lat' dir='ltr'>in</span> <span class='ocrx_word' id='word_1_120' title='bbox 751 1597 943 1679; x_wconf 87' lang='lat' dir='ltr'>pontificum</span> <span class='ocrx_word' id='word_1_121' title='bbox 965 1598 1065 1672; x_wconf 90' lang='lat' dir='ltr'>libris,</span> 
     </span>
     <span class='ocr_line' id='line_1_16' title="bbox 48 1682 1065 1765; baseline 0.002 -20"><span class='ocrx_word' id='word_1_122' title='bbox 48 1694 81 1746; x_wconf 88' lang='lat' dir='ltr'>et</span> <span class='ocrx_word' id='word_1_123' title='bbox 94 1686 129 1745; x_wconf 89' lang='lat' dir='ltr'>in</span> <span class='ocrx_word' id='word_1_124' title='bbox 143 1684 215 1745; x_wconf 86' lang='lat' dir='ltr'>XIL</span> <span class='ocrx_word' id='word_1_125' title='bbox 231 1685 364 1757; x_wconf 83' lang='lat' dir='ltr'>tabulis,</span> <span class='ocrx_word' id='word_1_126' title='bbox 376 1685 582 1765; x_wconf 86' lang='lat' dir='ltr'>antiquitatis</span> <span class='ocrx_word' id='word_1_127' title='bbox 597 1683 731 1762; x_wconf 85' lang='lat' dir='ltr'>effigies,</span> <span class='ocrx_word' id='word_1_128' title='bbox 742 1682 828 1763; x_wconf 85' lang='lat' dir='ltr'>qudd</span> <span class='ocrx_word' id='word_1_129' title='bbox 843 1692 876 1745; x_wconf 85' lang='lat' dir='ltr'>et</span> <span class='ocrx_word' id='word_1_130' title='bbox 891 1683 1065 1747; x_wconf 81' lang='lat' dir='ltr'>verborum</span> 
     </span>
     <span class='ocr_line' id='line_1_17' title="bbox 48 1768 1064 1850; baseline 0.001 -21"><span class='ocrx_word' id='word_1_131' title='bbox 48 1769 157 1850; x_wconf 86' lang='lat' dir='ltr'>prisca</span> <span class='ocrx_word' id='word_1_132' title='bbox 166 1777 319 1830; x_wconf 87' lang='lat' dir='ltr'>vetustas</span> <span class='ocrx_word' id='word_1_133' title='bbox 329 1772 544 1848; x_wconf 83' lang='lat' dir='ltr'>cognoscitur,</span> <span class='ocrx_word' id='word_1_134' title='bbox 556 1779 589 1830; x_wconf 89' lang='lat' dir='ltr'>et</span> <span class='ocrx_word' id='word_1_135' title='bbox 602 1771 767 1831; x_wconf 87' lang='lat' dir='ltr'>actionum</span> <span class='ocrx_word' id='word_1_136' title='bbox 780 1787 902 1845; x_wconf 85' lang='lat' dir='ltr'>genera</span> <span class='ocrx_word' id='word_1_137' title='bbox 914 1768 1064 1847; x_wconf 87' lang='lat' dir='ltr'>quoedam</span> 
     </span>
     <span class='ocr_line' id='line_1_18' title="bbox 48 1852 1065 1932; baseline 0 -18"><span class='ocrx_word' id='word_1_138' title='bbox 48 1854 213 1930; x_wconf 85' lang='lat' dir='ltr'>majorum</span> <span class='ocrx_word' id='word_1_139' title='bbox 229 1865 364 1915; x_wconf 87' lang='lat' dir='ltr'>consuet</span> <span class='ocrx_word' id='word_1_140' title='bbox 352 1855 498 1916; x_wconf 89' lang='lat' dir='ltr'>tudinem</span> <span class='ocrx_word' id='word_1_141' title='bbox 513 1855 681 1932; x_wconf 88' lang='lat' dir='ltr'>vitamque</span> <span class='ocrx_word' id='word_1_142' title='bbox 695 1852 884 1913; x_wconf 86' lang='lat' dir='ltr'>declarant:</span> <span class='ocrx_word' id='word_1_143' title='bbox 911 1856 981 1913; x_wconf 87' lang='lat' dir='ltr'>sive</span> <span class='ocrx_word' id='word_1_144' title='bbox 993 1854 1065 1931; x_wconf 90' lang='lat' dir='ltr'>quis</span> 
     </span>
     <span class='ocr_line' id='line_1_19' title="bbox 50 1936 1065 2035; baseline -0.001 -37"><span class='ocrx_word' id='word_1_145' title='bbox 50 1937 183 2001; x_wconf 85' lang='lat' dir='ltr'>civilem</span> <span class='ocrx_word' id='word_1_146' title='bbox 212 1937 386 2000; x_wconf 89' lang='lat' dir='ltr'>scientiam</span> <span class='ocrx_word' id='word_1_147' title='bbox 411 1939 652 2035; x_wconf 88' lang='lat' dir='ltr'>contemplatur</span> <span class='ocrx_word' id='word_1_148' title='bbox 678 1936 791 2017; x_wconf 85' lang='lat' dir='ltr'>(quam</span> <span class='ocrx_word' id='word_1_149' title='bbox 821 1936 972 1997; x_wconf 83' lang='lat' dir='ltr'>Scaevola</span> <span class='ocrx_word' id='word_1_150' title='bbox 1000 1956 1065 1997; x_wconf 90' lang='lat' dir='ltr'>non</span> 
     </span>
     <span class='ocr_line' id='line_1_20' title="bbox 49 2019 1065 2105; baseline 0 -23"><span class='ocrx_word' id='word_1_151' title='bbox 49 2029 144 2103; x_wconf 88' lang='lat' dir='ltr'>putat</span> <span class='ocrx_word' id='word_1_152' title='bbox 174 2023 315 2082; x_wconf 86' lang='lat' dir='ltr'>oratoris</span> <span class='ocrx_word' id='word_1_153' title='bbox 345 2042 415 2084; x_wconf 89' lang='lat' dir='ltr'>esse</span> <span class='ocrx_word' id='word_1_154' title='bbox 444 2024 620 2105; x_wconf 81' lang='lat' dir='ltr'>propriam,</span> <span class='ocrx_word' id='word_1_155' title='bbox 646 2021 703 2083; x_wconf 89' lang='lat' dir='ltr'>sed</span> <span class='ocrx_word' id='word_1_156' title='bbox 729 2041 781 2099; x_wconf 87' lang='lat' dir='ltr'>qu</span> <span class='ocrx_word' id='word_1_157' title='bbox 774 2019 899 2081; x_wconf 84' lang='lat' dir='ltr'>usdam</span> <span class='ocrx_word' id='word_1_158' title='bbox 929 2040 969 2081; x_wconf 86' lang='lat' dir='ltr'>ex</span> <span class='ocrx_word' id='word_1_159' title='bbox 999 2021 1065 2082; x_wconf 91' lang='lat' dir='ltr'>alio</span> 
     </span>
     <span class='ocr_line' id='line_1_21' title="bbox 50 2103 1064 2186; baseline 0.001 -20"><span class='ocrx_word' id='word_1_160' title='bbox 50 2125 169 2184; x_wconf 86' lang='lat' dir='ltr'>genere</span> <span class='ocrx_word' id='word_1_161' title='bbox 186 2104 392 2185; x_wconf 75' lang='lat' dir='ltr'>prudentie),</span> <span class='ocrx_word' id='word_1_162' title='bbox 407 2117 512 2169; x_wconf 88' lang='lat' dir='ltr'>totam</span> <span class='ocrx_word' id='word_1_163' title='bbox 527 2107 623 2176; x_wconf 85' lang='lat' dir='ltr'>hanc,</span> <span class='ocrx_word' id='word_1_164' title='bbox 637 2106 806 2186; x_wconf 88' lang='lat' dir='ltr'>descriptis</span> <span class='ocrx_word' id='word_1_165' title='bbox 821 2103 1013 2167; x_wconf 90' lang='lat' dir='ltr'>omnibus</span> <span class='ocrx_word' id='word_1_166' title='bbox 986 2107 1064 2167; x_wconf 83' lang='lat' dir='ltr'>crvi-</span> 
     </span>
     <span class='ocr_line' id='line_1_22' title="bbox 50 2188 1064 2271; baseline -0.001 -20"><span class='ocrx_word' id='word_1_167' title='bbox 50 2192 127 2251; x_wconf 83' lang='lat' dir='ltr'>tutis</span> <span class='ocrx_word' id='word_1_168' title='bbox 141 2188 345 2250; x_wconf 84' lang='lat' dir='ltr'>utilitatibus</span> <span class='ocrx_word' id='word_1_169' title='bbox 359 2211 399 2251; x_wconf 85' lang='lat' dir='ltr'>ac</span> <span class='ocrx_word' id='word_1_170' title='bbox 415 2191 571 2271; x_wconf 84' lang='lat' dir='ltr'>partibus,</span> <span class='ocrx_word' id='word_1_171' title='bbox 583 2190 651 2252; x_wconf 81' lang='lat' dir='ltr'><strong>XII.</strong></span> <span class='ocrx_word' id='word_1_172' title='bbox 667 2190 788 2267; x_wconf 86' lang='lat' dir='ltr'>tabulis</span> <span class='ocrx_word' id='word_1_173' title='bbox 803 2190 961 2252; x_wconf 88' lang='lat' dir='ltr'>contineri</span> <span class='ocrx_word' id='word_1_174' title='bbox 976 2189 1064 2250; x_wconf 84' lang='lat' dir='ltr'>vide-</span> 
     </span>
     <span class='ocr_line' id='line_1_23' title="bbox 49 2262 1063 2372; baseline 0 -38"><span class='ocrx_word' id='word_1_175' title='bbox 49 2273 113 2334; x_wconf 87' lang='lat' dir='ltr'>bit:</span> <span class='ocrx_word' id='word_1_176' title='bbox 136 2275 211 2333; x_wconf 87' lang='lat' dir='ltr'>sive</span> <span class='ocrx_word' id='word_1_177' title='bbox 236 2292 334 2351; x_wconf 90' lang='lat' dir='ltr'>quem</span> <span class='ocrx_word' id='word_1_178' title='bbox 355 2276 396 2335; x_wconf 89' lang='lat' dir='ltr'>ist</span> <span class='ocrx_word' id='word_1_179' title='bbox 398 2295 419 2335; x_wconf 88' lang='lat' dir='ltr'>a</span> <span class='ocrx_word' id='word_1_180' title='bbox 440 2285 564 2356; x_wconf 84' lang='lat' dir='ltr'>praepot</span> <span class='ocrx_word' id='word_1_181' title='bbox 566 2295 624 2336; x_wconf 91' lang='lat' dir='ltr'>ens</span> <span class='ocrx_word' id='word_1_182' title='bbox 647 2283 680 2337; x_wconf 89' lang='lat' dir='ltr'>et</span> <span class='ocrx_word' id='word_1_183' title='bbox 702 2262 843 2352; x_wconf 85' lang='lat' dir='ltr'>gloriosa</span> <span class='ocrx_word' id='word_1_184' title='bbox 857 2272 1063 2372; x_wconf 85' lang='lat' dir='ltr'>philosophia</span> 
     </span>
     <span class='ocr_line' id='line_1_24' title="bbox 49 2355 1064 2456; baseline 0 -38"><span class='ocrx_word' id='word_1_185' title='bbox 49 2356 205 2428; x_wconf 89' lang='lat' dir='ltr'>delectat,</span> <span class='ocrx_word' id='word_1_186' title='bbox 222 2355 343 2435; x_wconf 87' lang='lat' dir='ltr'>(dicam</span> <span class='ocrx_word' id='word_1_187' title='bbox 359 2358 528 2437; x_wconf 79' lang='lat' dir='ltr'>audacius)</span> <span class='ocrx_word' id='word_1_188' title='bbox 545 2360 642 2421; x_wconf 88' lang='lat' dir='ltr'>hosce</span> <span class='ocrx_word' id='word_1_189' title='bbox 666 2358 766 2420; x_wconf 90' lang='lat' dir='ltr'>habet</span> <span class='ocrx_word' id='word_1_190' title='bbox 790 2358 858 2420; x_wconf 87' lang='lat' dir='ltr'>font</span> <span class='ocrx_word' id='word_1_191' title='bbox 845 2367 895 2420; x_wconf 90' lang='lat' dir='ltr'>tes</span> <span class='ocrx_word' id='word_1_192' title='bbox 918 2359 1064 2456; x_wconf 81' lang='lat' dir='ltr'>omnium</span> 
     </span>
     <span class='ocr_line' id='line_1_25' title="bbox 49 2441 1063 2523; baseline -0.001 -20"><span class='ocrx_word' id='word_1_193' title='bbox 49 2441 311 2523; x_wconf 87' lang='lat' dir='ltr'>disputationum</span> <span class='ocrx_word' id='word_1_194' title='bbox 326 2460 470 2513; x_wconf 88' lang='lat' dir='ltr'>suarum,</span> <span class='ocrx_word' id='word_1_195' title='bbox 484 2444 540 2520; x_wconf 80' lang='lat' dir='ltr'>qui</span> <span class='ocrx_word' id='word_1_196' title='bbox 556 2444 631 2521; x_wconf 87' lang='lat' dir='ltr'>jure</span> <span class='ocrx_word' id='word_1_197' title='bbox 647 2444 735 2504; x_wconf 94' lang='lat' dir='ltr'>civili</span> <span class='ocrx_word' id='word_1_198' title='bbox 758 2451 791 2504; x_wconf 91' lang='lat' dir='ltr'>et</span> <span class='ocrx_word' id='word_1_199' title='bbox 812 2441 940 2522; x_wconf 86' lang='lat' dir='ltr'>legibus</span> <span class='ocrx_word' id='word_1_200' title='bbox 963 2443 1063 2503; x_wconf 89' lang='lat' dir='ltr'>conti·</span> 
     </span>
     <span class='ocr_line' id='line_1_26' title="bbox 49 2522 1064 2605; baseline -0.002 -17"><span class='ocrx_word' id='word_1_201' title='bbox 49 2536 178 2589; x_wconf 84' lang='lat' dir='ltr'>nentur.</span> <span class='ocrx_word' id='word_1_202' title='bbox 216 2522 270 2585; x_wconf 85' lang='lat' dir='ltr'>Ex</span> <span class='ocrx_word' id='word_1_203' title='bbox 281 2524 332 2585; x_wconf 90' lang='lat' dir='ltr'>his</span> <span class='ocrx_word' id='word_1_204' title='bbox 343 2526 429 2586; x_wconf 90' lang='lat' dir='ltr'>enim</span> <span class='ocrx_word' id='word_1_205' title='bbox 442 2535 475 2587; x_wconf 87' lang='lat' dir='ltr'>et</span> <span class='ocrx_word' id='word_1_206' title='bbox 487 2526 681 2603; x_wconf 89' lang='lat' dir='ltr'>dignitatem</span> <span class='ocrx_word' id='word_1_207' title='bbox 692 2529 836 2588; x_wconf 82' lang='lat' dir='ltr'>maxime</span> <span class='ocrx_word' id='word_1_208' title='bbox 825 2525 1064 2605; x_wconf 82' lang='lat' dir='ltr'>expetendam</span> 
     </span>
     <span class='ocr_line' id='line_1_27' title="bbox 50 2607 1063 2688; baseline -0.001 -17"><span class='ocrx_word' id='word_1_209' title='bbox 50 2610 212 2679; x_wconf 81' lang='lat' dir='ltr'>videmus,</span> <span class='ocrx_word' id='word_1_210' title='bbox 228 2609 304 2669; x_wconf 80' lang='lat' dir='ltr'>oiim</span> <span class='ocrx_word' id='word_1_211' title='bbox 317 2627 424 2679; x_wconf 83' lang='lat' dir='ltr'>verus,</span> <span class='ocrx_word' id='word_1_212' title='bbox 435 2611 553 2686; x_wconf 79' lang='lat' dir='ltr'>JustuS,</span> <span class='ocrx_word' id='word_1_213' title='bbox 568 2620 666 2688; x_wconf 86' lang='lat' dir='ltr'>atque</span> <span class='ocrx_word' id='word_1_214' title='bbox 688 2609 843 2672; x_wconf 86' lang='lat' dir='ltr'>honestus</span> <span class='ocrx_word' id='word_1_215' title='bbox 859 2607 952 2670; x_wconf 85' lang='lat' dir='ltr'>labor</span> <span class='ocrx_word' id='word_1_216' title='bbox 965 2607 1063 2670; x_wconf 89' lang='lat' dir='ltr'>hono·</span> 
     </span>
     <span class='ocr_line' id='line_1_28' title="bbox 50 2691 1063 2773; baseline -0.002 -17"><span class='ocrx_word' id='word_1_217' title='bbox 50 2694 148 2766; x_wconf 78' lang='lat' dir='ltr'>ribuS,</span> <span class='ocrx_word' id='word_1_218' title='bbox 165 2693 320 2772; x_wconf 74' lang='lat' dir='ltr'>praemiis</span> <span class='ocrx_word' id='word_1_219' title='bbox 335 2692 505 2773; x_wconf 89' lang='lat' dir='ltr'>splendore</span> <span class='ocrx_word' id='word_1_220' title='bbox 521 2693 694 2756; x_wconf 88' lang='lat' dir='ltr'>decoratur</span> <span class='ocrx_word' id='word_1_221' title='bbox 707 2717 715 2767; x_wconf 82' lang='lat'><em>3</em></span> <span class='ocrx_word' id='word_1_222' title='bbox 738 2695 821 2755; x_wconf 88' lang='lat' dir='ltr'>vitia</span> <span class='ocrx_word' id='word_1_223' title='bbox 836 2700 947 2753; x_wconf 86' lang='lat' dir='ltr'>autem</span> <span class='ocrx_word' id='word_1_224' title='bbox 963 2691 1063 2754; x_wconf 91' lang='lat' dir='ltr'>homi·</span> 
     </span>
     <span class='ocr_line' id='line_1_29' title="bbox 50 2773 1063 2855; baseline -0.001 -16"><span class='ocrx_word' id='word_1_225' title='bbox 50 2798 137 2850; x_wconf 89' lang='lat' dir='ltr'>num,</span> <span class='ocrx_word' id='word_1_226' title='bbox 153 2785 256 2855; x_wconf 87' lang='lat' dir='ltr'>atque</span> <span class='ocrx_word' id='word_1_227' title='bbox 273 2775 415 2847; x_wconf 89' lang='lat' dir='ltr'>fraudes,</span> <span class='ocrx_word' id='word_1_228' title='bbox 430 2776 567 2850; x_wconf 81' lang='lat' dir='ltr'>damnis,</span> <span class='ocrx_word' id='word_1_229' title='bbox 580 2773 774 2855; x_wconf 73' lang='lat' dir='ltr'>ignominiis</span> <span class='ocrx_word' id='word_1_230' title='bbox 788 2775 937 2847; x_wconf 72' lang='lat' dir='ltr'>vinculis</span> <span class='ocrx_word' id='word_1_231' title='bbox 952 2775 1063 2837; x_wconf 89' lang='lat' dir='ltr'>verbe-</span> 
     </span>
     <span class='ocr_line' id='line_1_30' title="bbox 50 2859 1064 2933; baseline -0.001 -10"><span class='ocrx_word' id='word_1_232' title='bbox 50 2862 150 2933; x_wconf 77' lang='lat' dir='ltr'>ribuS,</span> <span class='ocrx_word' id='word_1_233' title='bbox 166 2859 301 2930; x_wconf 72' lang='lat' dir='ltr'>exsiliis</span> <span class='ocrx_word' id='word_1_234' title='bbox 315 2859 418 2921; x_wconf 85' lang='lat' dir='ltr'>morte</span> <span class='ocrx_word' id='word_1_235' title='bbox 433 2861 633 2921; x_wconf 85' lang='lat' dir='ltr'>multantur:</span> <span class='ocrx_word' id='word_1_236' title='bbox 655 2871 689 2922; x_wconf 89' lang='lat' dir='ltr'>et</span> <span class='ocrx_word' id='word_1_237' title='bbox 703 2862 865 2933; x_wconf 89' lang='lat' dir='ltr'>docemur,</span> <span class='ocrx_word' id='word_1_238' title='bbox 880 2879 943 2922; x_wconf 89' lang='lat' dir='ltr'>non</span> <span class='ocrx_word' id='word_1_239' title='bbox 959 2860 1064 2922; x_wconf 89' lang='lat' dir='ltr'>infini-</span> 
     </span>
     <span class='ocr_line' id='line_1_31' title="bbox 49 2943 1065 3025; baseline -0.002 -18"><span class='ocrx_word' id='word_1_240' title='bbox 49 2949 98 3019; x_wconf 88' lang='lat' dir='ltr'>tis,</span> <span class='ocrx_word' id='word_1_241' title='bbox 113 2945 464 3023; x_wconf 83' lang='lat' dir='ltr'>concertationumque</span> <span class='ocrx_word' id='word_1_242' title='bbox 475 2945 580 3024; x_wconf 89' lang='lat' dir='ltr'>plenis</span> <span class='ocrx_word' id='word_1_243' title='bbox 591 2943 873 3025; x_wconf 79' lang='lat' dir='ltr'>disputationibus</span> <span class='ocrx_word' id='word_1_244' title='bbox 885 2944 942 3006; x_wconf 85' lang='lat' dir='ltr'>sed</span> <span class='ocrx_word' id='word_1_245' title='bbox 954 2955 1065 3005; x_wconf 86' lang='lat' dir='ltr'>aucto-</span> 
     </span>
     <span class='ocr_line' id='line_1_32' title="bbox 48 3026 1064 3106; baseline -0.003 -13"><span class='ocrx_word' id='word_1_246' title='bbox 48 3032 147 3093; x_wconf 83' lang='lat' dir='ltr'>ritate</span> <span class='ocrx_word' id='word_1_247' title='bbox 164 3035 314 3105; x_wconf 80' lang='lat' dir='ltr'>nutuque</span> <span class='ocrx_word' id='word_1_248' title='bbox 330 3028 450 3106; x_wconf 87' lang='lat' dir='ltr'>legum,</span> <span class='ocrx_word' id='word_1_249' title='bbox 461 3028 562 3089; x_wconf 90' lang='lat' dir='ltr'>domit</span> <span class='ocrx_word' id='word_1_250' title='bbox 549 3036 600 3089; x_wconf 87' lang='lat' dir='ltr'>tas</span> <span class='ocrx_word' id='word_1_251' title='bbox 612 3026 734 3090; x_wconf 88' lang='lat' dir='ltr'>habere</span> <span class='ocrx_word' id='word_1_252' title='bbox 746 3029 905 3100; x_wconf 79' lang='lat' dir='ltr'>libidines,</span> <span class='ocrx_word' id='word_1_253' title='bbox 917 3033 1064 3090; x_wconf 75' lang='lat' dir='ltr'>coercere</span> 
     </span>
     <span class='ocr_line' id='line_1_33' title="bbox 49 3111 1081 3217; baseline -0.003 -41"><span class='ocrx_word' id='word_1_254' title='bbox 49 3134 165 3176; x_wconf 89' lang='lat' dir='ltr'>omnes</span> <span class='ocrx_word' id='word_1_255' title='bbox 181 3111 390 3191; x_wconf 87' lang='lat' dir='ltr'>cupiditates,</span> <span class='ocrx_word' id='word_1_256' title='bbox 404 3121 517 3173; x_wconf 86' lang='lat' dir='ltr'>nostra</span> <span class='ocrx_word' id='word_1_257' title='bbox 531 3113 627 3184; x_wconf 88' lang='lat' dir='ltr'>tueri,</span> <span class='ocrx_word' id='word_1_258' title='bbox 643 3112 686 3173; x_wconf 85' lang='lat' dir='ltr'>ab</span> <span class='ocrx_word' id='word_1_259' title='bbox 701 3113 818 3175; x_wconf 90' lang='lat' dir='ltr'>alienis</span> <span class='ocrx_word' id='word_1_260' title='bbox 840 3123 975 3185; x_wconf 70' lang='lat' dir='ltr'>mentes</span> <span class='ocrx_word' id='word_1_261' title='bbox 991 3132 1065 3175; x_wconf 88' lang='lat' dir='ltr'>ocu·</span> <span class='ocrx_word' id='word_1_262' title='bbox 1046 3184 1081 3217; x_wconf 33' lang='grc' dir='ltr'><em>Α</em></span> 
     </span>
     <span class='ocr_line' id='line_1_34' title="bbox 48 3195 620 3277; baseline -0.005 -17"><span class='ocrx_word' id='word_1_263' title='bbox 48 3198 106 3268; x_wconf 83' lang='lat' dir='ltr'>los,</span> <span class='ocrx_word' id='word_1_264' title='bbox 122 3215 228 3259; x_wconf 89' lang='lat' dir='ltr'>manu</span> <span class='ocrx_word' id='word_1_265' title='bbox 283 3195 435 3257; x_wconf 90' lang='lat' dir='ltr'>bstinere.</span> <span class='ocrx_word' id='word_1_266' title='bbox 511 3211 620 3277; x_wconf 45' lang='grc' dir='ltr'>,Ὴιρ</span> 
     </span>
    </p>

    <p class='ocr_par' dir='ltr' id='par_1_3' title="bbox 47 3278 1073 3526">
     <span class='ocr_line' id='line_1_35' title="bbox 90 3278 1066 3393; baseline -0.002 -50"><span class='ocrx_word' id='word_1_267' title='bbox 90 3279 212 3344; x_wconf 89' lang='lat' dir='ltr'>XLIV</span> <span class='ocrx_word' id='word_1_268' title='bbox 549 3281 555 3292; x_wconf 88' lang='lat'>&#39;</span> <span class='ocrx_word' id='word_1_269' title='bbox 614 3278 745 3351; x_wconf 89' lang='lat' dir='ltr'>,dicam</span> <span class='ocrx_word' id='word_1_270' title='bbox 768 3278 854 3357; x_wconf 91' lang='lat' dir='ltr'>quod</span> <span class='ocrx_word' id='word_1_271' title='bbox 875 3289 958 3342; x_wconf 81' lang='lat' dir='ltr'>senti</span> <span class='ocrx_word' id='word_1_272' title='bbox 949 3282 997 3393; x_wconf 73' lang='lat' dir='ltr'>ip:</span> <span class='ocrx_word' id='word_1_273' title='bbox 1019 3279 1066 3341; x_wconf 92' lang='lat' dir='ltr'>bi-</span> 
     </span>
     <span class='ocr_line' id='line_1_36' title="bbox 47 3362 1067 3462; baseline -0.004 -34"><span class='ocrx_word' id='word_1_274' title='bbox 47 3365 244 3435; x_wconf 88' lang='lat' dir='ltr'>bliothecas,</span> <span class='ocrx_word' id='word_1_275' title='bbox 308 3362 471 3435; x_wconf 88' lang='lat' dir='ltr'>e‚hercule</span> <span class='ocrx_word' id='word_1_276' title='bbox 507 3365 651 3426; x_wconf 88' lang='lat' dir='ltr'>omnium</span> <span class='ocrx_word' id='word_1_277' title='bbox 686 3362 968 3462; x_wconf 66' lang='lat' dir='ltr'>philosophorum!</span> <span class='ocrx_word' id='word_1_278' title='bbox 982 3382 1067 3425; x_wconf 89' lang='lat' dir='ltr'>unus</span> 
     </span>
     <span class='ocr_line' id='line_1_37' title="bbox 47 3383 1073 3541; baseline -0.002 -30"><span class='ocrx_word' id='word_1_279' title='bbox 47 3449 129 3511; x_wconf 92' lang='lat' dir='ltr'>mihi</span> <span class='ocrx_word' id='word_1_280' title='bbox 159 3383 384 3541; x_wconf 64' lang='grc' dir='ltr'>νίἀεῑιιἻΧΠ.</span> <span class='ocrx_word' id='word_1_281' title='bbox 414 3447 603 3509; x_wconf 88' lang='lat' dir='ltr'>tabularum</span> <span class='ocrx_word' id='word_1_282' title='bbox 633 3447 771 3519; x_wconf 75' lang='lat' dir='ltr'>libellus</span> <span class='ocrx_word' id='word_1_283' title='bbox 799 3447 826 3529; x_wconf 79' lang='lat' dir='ltr'>si</span> <span class='ocrx_word' id='word_1_284' title='bbox 855 3451 927 3526; x_wconf 90' lang='lat' dir='ltr'>quis</span> <span class='ocrx_word' id='word_1_285' title='bbox 954 3446 1073 3526; x_wconf 86' lang='lat' dir='ltr'>legum</span> 
     </span>
    </p>
   </div>
   <div class='ocr_carea' id='block_1_3' title="bbox 46 3492 1124 3895">
    <p class='ocr_par' dir='ltr' id='par_1_4' title="bbox 46 3492 1124 3864">
     <span class='ocr_line' id='line_1_38' title="bbox 48 3492 1067 3612; baseline -0.004 -16"><span class='ocrx_word' id='word_1_286' title='bbox 48 3522 160 3596; x_wconf 60' lang='lat' dir='ltr'>lentes</span> <span class='ocrx_word' id='word_1_287' title='bbox 176 3541 211 3592; x_wconf 92' lang='lat' dir='ltr'>et</span> <span class='ocrx_word' id='word_1_288' title='bbox 226 3536 244 3591; x_wconf 78' lang='lat' dir='ltr'>o</span> <span class='ocrx_word' id='word_1_289' title='bbox 278 3520 339 3590; x_wconf 88' lang='lat' dir='ltr'>ita</span> <span class='ocrx_word' id='word_1_290' title='bbox 356 3532 485 3604; x_wconf 86' lang='lat' dir='ltr'>viderit,</span> <span class='ocrx_word' id='word_1_291' title='bbox 500 3542 533 3594; x_wconf 90' lang='lat' dir='ltr'>et</span> <span class='ocrx_word' id='word_1_292' title='bbox 549 3492 771 3593; x_wconf 56' lang='lat' dir='ltr'>auctoni&#39;lss</span> <span class='ocrx_word' id='word_1_293' title='bbox 776 3518 917 3612; x_wconf 61' lang='lat' dir='ltr'>pondere</span> <span class='ocrx_word' id='word_1_294' title='bbox 932 3542 965 3594; x_wconf 90' lang='lat' dir='ltr'>et</span> <span class='ocrx_word' id='word_1_295' title='bbox 981 3532 1067 3593; x_wconf 90' lang='lat' dir='ltr'>utili·</span> 
     </span>
     <span class='ocr_line' id='line_1_39' title="bbox 47 3602 1124 3696; baseline -0.006 -16"><span class='ocrx_word' id='word_1_296' title='bbox 47 3620 129 3680; x_wconf 79' lang='lat' dir='ltr'>tutis</span> <span class='ocrx_word' id='word_1_297' title='bbox 153 3602 220 3676; x_wconf 66' lang='lat' dir='ltr'>ulie</span> <span class='ocrx_word' id='word_1_298' title='bbox 331 3634 496 3696; x_wconf 86' lang='lat' dir='ltr'>superare.</span> <span class='ocrx_word' id='word_1_299' title='bbox 541 3617 600 3687; x_wconf 90' lang='lat' dir='ltr'>Ao,</span> <span class='ocrx_word' id='word_1_300' title='bbox 625 3616 652 3676; x_wconf 92' lang='lat' dir='ltr'>si</span> <span class='ocrx_word' id='word_1_301' title='bbox 676 3615 760 3693; x_wconf 90' lang='lat' dir='ltr'>nos(</span> <span class='ocrx_word' id='word_1_302' title='bbox 749 3615 796 3693; x_wconf 89' lang='lat' dir='ltr'>(id</span> <span class='ocrx_word' id='word_1_303' title='bbox 816 3617 902 3695; x_wconf 93' lang='lat' dir='ltr'>quod</span> <span class='ocrx_word' id='word_1_304' title='bbox 923 3615 1066 3676; x_wconf 76' lang='lat' dir='ltr'>maxime</span> <span class='ocrx_word' id='word_1_305' title='bbox 1120 3636 1124 3643; x_wconf 54' lang='lat'>¹</span> 
     </span>
     <span class='ocr_line' id='line_1_40' title="bbox 47 3699 1066 3797; baseline -0.008 -33"><span class='ocrx_word' id='word_1_306' title='bbox 47 3701 164 3780; x_wconf 89' lang='lat' dir='ltr'>debet)</span> <span class='ocrx_word' id='word_1_307' title='bbox 151 3701 293 3780; x_wconf 81' lang='lat' dir='ltr'>&gt;nostra</span> <span class='ocrx_word' id='word_1_308' title='bbox 307 3700 416 3797; x_wconf 74' lang='lat' dir='ltr'>patJia</span> <span class='ocrx_word' id='word_1_309' title='bbox 431 3699 607 3771; x_wconf 50' lang='lat' dir='ltr'>delectati</span> <span class='ocrx_word' id='word_1_310' title='bbox 601 3702 711 3779; x_wconf 88' lang='lat' dir='ltr'>cujus</span> <span class='ocrx_word' id='word_1_311' title='bbox 725 3702 773 3763; x_wconf 88' lang='lat' dir='ltr'>rei</span> <span class='ocrx_word' id='word_1_312' title='bbox 788 3709 883 3761; x_wconf 86' lang='lat' dir='ltr'>tanta</span> <span class='ocrx_word' id='word_1_313' title='bbox 894 3708 944 3759; x_wconf 90' lang='lat' dir='ltr'>est</span> <span class='ocrx_word' id='word_1_314' title='bbox 955 3699 1014 3768; x_wconf 84' lang='lat' dir='ltr'>vis,</span> <span class='ocrx_word' id='word_1_315' title='bbox 1026 3716 1066 3757; x_wconf 83' lang='lat' dir='ltr'>ao</span> 
     </span>
     <span class='ocr_line' id='line_1_41' title="bbox 46 3742 1067 3895; baseline -0.007 -46"><span class='ocrx_word' id='word_1_316' title='bbox 46 3793 147 3849; x_wconf 78' lang='lat' dir='ltr'>tenta</span> <span class='ocrx_word' id='word_1_317' title='bbox 156 3788 297 3895; x_wconf 68' lang='lat' dir='ltr'>potura,</span> <span class='ocrx_word' id='word_1_318' title='bbox 315 3792 364 3851; x_wconf 78' lang='lat' dir='ltr'>utl</span> <span class='ocrx_word' id='word_1_319' title='bbox 374 3783 523 3848; x_wconf 83' lang='lat' dir='ltr'>Ithacam</span> <span class='ocrx_word' id='word_1_320' title='bbox 546 3744 677 3857; x_wconf 58' lang='lat' dir='ltr'>reims</span> <span class='ocrx_word' id='word_1_321' title='bbox 668 3805 703 3846; x_wconf 85' lang='grc' dir='ltr'>ιιι</span> <span class='ocrx_word' id='word_1_322' title='bbox 724 3783 912 3864; x_wconf 84' lang='lat' dir='ltr'>asperrimis</span> <span class='ocrx_word' id='word_1_323' title='bbox 933 3742 1067 3853; x_wconf 81' lang='lat' dir='ltr'>saxulis,</span> 
     </span>
    </p>
   </div>
   <div class='ocr_carea' id='block_1_4' title="bbox 0 0 1230 4290">
    <p class='ocr_par' dir='ltr' id='par_1_5' title="bbox 0 0 1230 4290">
     <span class='ocr_line' id='line_1_42' title="bbox 0 0 1230 4290; baseline 0 0"><span class='ocrx_word' id='word_1_324' title='bbox 0 0 1230 4290; x_wconf 95' lang='lat' dir='ltr'> </span> 
     </span>
    </p>
   </div>
  </div>
 </body>
</html>
