2434 4286
297 368 338 410 ns
359 368 500 411 onnsosn
520 368 609 411 11111111
629 368 792 411 sscosnos.
996 331 1057 413 135

39 515 172 594 juribus,
186 513 243 588 Ar,
257 513 391 586 hercule,
405 516 518 594 inquit,
533 525 568 577 tu
586 517 650 579 tais
664 515 792 598 dignos.
837 515 932 597 sepe
954 517 1057 580 etiam

39 601 235 662 sententiose
251 599 392 661 ridicula
406 600 579 671 dicuntum
602 609 639 661 ut
654 599 701 663 Μ.
714 600 932 680 Cinciusquo
943 601 996 663 di'e
1012 603 1056 664 le-

38 705 111 763 gem
124 685 166 747 de
181 685 278 746 donis
293 693 326 746 11
348 683 538 745 muneribus
552 684 636 755 tulit,
652 686 726 746 111111
742 684 777 746 Ο.
794 684 898 747 Cento
921 685 1055 766 prodiis-

39 778 94 841 set,
103 779 137 840 et
149 767 233 831 satis
242 769 488 839 contumeliose,
500 767 673 850 Quidfers,
687 768 850 831 Cinciole?
872 769 1055 850 quaesissem

43 852 80 914 Ut
92 874 188 926 emas,
202 853 318 931 inquit,
336 850 448 923 0111·
461 851 509 913 ati
522 851 617 914 velis.»

78 938 173 1018 Saepe
190 938 293 1001 etiam
308 936 403 1007 salse,
414 956 488 1014 quae*
502 936 573 999 fieri
588 957 653 999 non
667 945 811 1016 possunt,
822 946 997 1019 optantur;
1019 947 1057 1001 ut

39 1021 83 1084 M.
108 1021 264 1102 Lepidus
291 1022 375 1089 cum,
402 1022 529 1082 caeteris
557 1022 592 1082 in
617 1040 734 1102 campo
759 1022 996 1092 exercentibus,
1022 1024 1056 1085 in

38 1105 136 1167 herba
150 1107 223 1186 ipse
238 1103 451 1176 recubuisset,
472 1102 583 1167 Vellem
597 1104 652 1167 boc
665 1114 752 1176 esset,
774 1107 888 1186 inquit,
902 1105 1054 1168 laborare.

39 1189 169 1252 Salsum
186 1197 236 1249 est
259 1188 369 1260 etiam,
384 1188 604 1266 quaerentibus
620 1198 652 1251 et
674 1191 769 1268 quasi
790 1192 1056 1271 percontantibus

38 1274 123 1335 lente
138 1272 346 1354 respondere,
362 1272 447 1350 quod
461 1272 586 1335 nollent
599 1296 608 1344 3
630 1281 666 1334 ut
681 1293 797 1335 censor
812 1274 965 1354 Lepidus,
980 1277 1054 1336 cum

38 1356 82 1420 M.
100 1357 247 1420 Antistio
269 1354 426 1436 Pyrgensi
450 1376 571 1435 equum
593 1356 779 1429 ademisset,
801 1359 965 1437 amicique
981 1361 1057 1420 cum

39 1442 310 1511 vociferarentur,
323 1450 357 1501 et
379 1449 571 1519 quaererent,
585 1441 662 1519 quid
681 1441 736 1502 ille
751 1443 838 1521 patri
853 1461 912 1502 suo
927 1461 1044 1523 respon

39 1525 136 1599 deret,
148 1545 209 1586 cur
219 1525 389 1586 ademtum
404 1524 465 1585 sibi
480 1544 602 1604 equum
613 1525 745 1597 diceret,
758 1527 833 1586 111111
848 1526 990 1606 optimus
1005 1546 1056 1587 co.

39 1610 140 1681 lonnS,
162 1610 385 1690 parcissimus
407 1607 672 1681 modestissimus
687 1609 927 1687 frugalissimus
950 1619 1056 1682 esset;
1126 1672 1131 1695 x

38 1692 92 1755 Me
106 1693 242 1754 istorum
256 1694 370 1772 inquit,
385 1691 466 1752 nitu
479 1693 613 1753 credere.

77 1778 287 1854 Colliguntur
302 1797 323 1837 a
337 1775 461 1859 Graecis
476 1777 545 1839 alia
559 1777 726 1848 nonnulla,
739 1778 989 1848 exsecrationes,
1001 1777 1056 1838 ad-

39 1863 238 1933 mirationes,
261 1860 465 1923 minationes.
510 1859 575 1922 Sed
597 1860 667 1922 haec
692 1862 764 1941 ipsa
786 1863 882 1922 nimis
907 1860 987 1923 mihi
1009 1863 1054 1922 vi·

39 1946 114 2007 deor
128 1946 239 2007 multa
253 1946 286 2006 in
301 1964 425 2022 genera
440 1944 667 2025 descripsisse:
693 1965 772 2007 nam
793 1945 861 2017 illa,
876 1964 948 2024 quae
963 1945 1057 2008 verbi

39 2032 165 2092 ratione
191 2039 224 2090 et
247 2030 281 2090 vi
304 2030 519 2098 continentur,
535 2039 628 2090 certa
649 2028 717 2091 sere
736 2050 777 2091 ac
801 2029 937 2090 definita
959 2039 1055 2092 sunt:

40 2135 108 2193 qnae
123 2113 329 2194 plerumque,
344 2121 381 2174 ut
396 2113 474 2174 ante
490 2112 567 2184 dixi,
581 2113 712 2175 laudari
730 2113 846 2192 magis
861 2116 959 2194 quam
973 2114 1056 2177 ride·

39 2200 73 2270 ri,
86 2198 205 2260 solent.
286 2232 289 2237 ·

77 2281 163 2344 Haec
180 2290 301 2353 autern,
312 2300 385 2361 quae
399 2289 474 2343 sunt
488 2282 523 2342 in
537 2301 582 2351 re,
594 2289 628 2345 et
643 2282 678 2343 in
692 2281 762 2363 ipsit
776 2283 946 2354 sententiis,
957 2283 1056 2364 parti·

9 2434 10 2449 χ
39 2365 199 2428 bossunt
225 2365 486 2437 innumerabilia,
513 2366 690 2443 generibus
715 2386 833 2447 pauca.
878 2367 1057 2447 Exspecta

38 2451 182 2517 tionibus
197 2451 286 2511 enim
299 2448 507 2529 decipiendis,
523 2458 556 2511 et
575 2450 702 2511 naturis
717 2450 856 2512 aliorum
877 2450 1057 2522 irridendis,

38 2536 185 2614 ipsorum
200 2535 335 2605 ridicule
351 2533 542 2605 indicandis
557 2542 591 2595 et
613 2533 823 2601 similitudine
846 2536 1008 2616 turpioris
1025 2542 1058 2595 et

39 2619 308 2689 dissimulatione,
324 2626 357 2678 et
380 2616 586 2679 subabsurda
607 2617 753 2687 dicendo,
771 2625 804 2678 11
827 2618 929 2679 stulta
950 2637 1058 2698 repre·

39 2702 221 2774 hendendo,
233 2704 317 2765 risus
331 2710 513 2763 moventur.
558 2702 670 2781 ltaque
682 2699 876 2763 imbuendus
892 2711 940 2762 est
955 2702 992 2773 is,
1002 2701 1058 2780 qui

40 2788 152 2866 jocose
177 2788 248 2848 vult
270 2786 387 2857 dicere,
402 2787 496 2864 quasi
518 2784 798 2864 natur-siquidem
821 2786 898 2865 aptit
919 2785 962 2847 ad
988 2785 1057 2847 haec

40 2891 173 2949 genera,
189 2880 222 2931 et
246 2870 398 2942 moribus,
413 2880 450 2930 ut
465 2869 508 2930 ad
530 2870 687 2949 cujusque
702 2868 789 2931 modi
811 2889 915 2947 genus
929 2871 1058 2932 ridiculi

40 2957 151 3018 vultus
174 2956 276 3016 etiam
297 2952 581 3014 accommodetur:
604 2955 805 3033 quiquidem
825 2955 891 3034 quo
914 2956 1059 3016 severior

13 3083 18 3089 -
41 3051 87 3101 est
112 3049 147 3100 ct
172 3040 303 3108 tristior,
319 3047 354 3099 ut
378 3039 413 3098 in
435 3047 478 3109 te,
493 3036 621 3109 Crasse,
642 3036 704 3100 hoc
725 3039 794 3110 illa,
809 3058 882 3118 quae
897 3039 1058 3109 dicuntur,

41 3124 179 3184 salsiora
195 3122 298 3185 videri
314 3122 427 3183 solent.
468 3151 477 3170 ·

81 3207 150 3270 Sed
168 3208 241 3284 jam
262 3216 308 3277 tu,
324 3204 454 3272 Antoni,
469 3207 525 3283 qui
544 3204 606 3266 hoo
621 3205 806 3266 deversorio
821 3207 979 3265 sermonis
993 3206 1059 3266 mei

41 3291 181 3353 libenter
196 3291 424 3368 acquieturum
439 3298 471 3350 te
487 3309 558 3351 esse
574 3289 692 3360 dixisti,
706 3297 866 3366 tanquam
888 3290 922 3348 in
940 3287 1059 3350 Pomti-

42 3395 117 3437 num
127 3375 318 3444 deverteris
334 3393 438 3452 neque
455 3392 623 3434 amoenum
637 3391 743 3452 neque
760 3370 926 3433 salubrem
941 3371 1059 3443 locum,

42 3480 163 3521 censeo
178 3467 215 3519 ut
236 3456 317 3518 satis
339 3456 395 3518 diu
415 3467 447 3518 te
470 3466 565 3537 putes
580 3456 752 3535 requiesse,
767 3464 800 3516 et
822 3456 884 3517 iter
898 3455 1060 3536 reliquum

42 3544 204 3605 conticere
227 3561 356 3622 pergas
401 3540 474 3618 Ego
489 3541 576 3611 vero,
592 3550 690 3618 atque
714 3539 816 3601 hilare
839 3540 971 3619 quidem
990 3551 1059 3603 111

41 3638 210 3709 acceptus
225 3628 339 3706 inquit,
350 3635 383 3685 et
399 3627 473 3685 111111
488 3625 613 3686 doctior
627 3641 685 3701 per
699 3632 741 3693 te,
756 3634 826 3685 tum
842 3627 943 3686 etiam
960 3626 1060 3687 auda-

42 3715 110 3778 cior
125 3713 236 3773 sactus
251 3729 323 3771 sum
336 3709 376 3769 a'd
388 3709 576 3786 jocandum.
606 3705 682 3768 Non
694 3708 781 3769 enim
796 3729 921 3779 vereor,
932 3730 974 3770 ne
989 3712 1061 3788 quis

40 3814 93 3860 1111
110 3798 147 3858 in
162 3796 225 3858 isto
239 3812 360 3874 genere
377 3792 534 3857 leviorem
552 3794 625 3870 jam
644 3793 915 3870 putet‚.;quoniam
930 3792 1061 3868 quidem
