2434 4286
308 383 349 425 uu
369 380 510 425 onerosa
531 380 621 423 nmen
640 380 803 425 sammua
1007 366 1068 424 11³

45 533 76 595 in
87 530 238 595 hominis
252 529 434 593 consularis
448 528 640 592 calamitate
656 527 832 601 crudelem,
846 548 942 611 posse
955 528 1067 593 defen-

46 617 131 680 dere.
178 615 286 678 Erant
298 616 413 696 optimi
425 615 514 691 cives
524 613 662 692 judices,
671 613 831 675 bonorum
842 615 985 676 virorum
1000 615 1066 696 ple-

47 721 123 764 num
139 700 260 768 forum,
275 701 332 761 vix
346 708 384 760 ut
405 699 486 760 mihi
510 699 618 760 tenuis
640 698 791 777 quaedam
813 701 913 760 venia
935 699 1070 761 daretur

47 786 279 854 excusationis,
302 782 389 862 quod
415 793 526 845 tamen
555 801 633 844 eum
658 782 877 856 defenderem,
902 785 958 864 qui
987 784 1068 845 mihi

47 880 189 950 quaestor
200 867 327 929 fuisset.
372 866 436 928 Hic
446 887 510 945 ego
521 862 597 946 quid
612 866 720 928 dicam
735 887 788 929 me
804 878 910 930 artem
922 869 1068 948 aliquam

48 949 260 1016 adhibuisse?
290 951 369 1031 quid
396 951 541 1023 fecerim,
565 950 726 1012 narrabo:
755 953 783 1013 si
812 953 984 1033 placuerit,
1010 972 1069 1014 vos

48 1058 158 1100 meam
172 1036 397 1098 defensionem
412 1037 446 1097 in
461 1036 571 1114 aliquo
587 1036 668 1097 artis
690 1035 762 1097 loco
776 1038 948 1117 reponetis
993 1035 1068 1098 Om-

48 1124 139 1184 nium
151 1121 350 1184 seditionum
361 1140 492 1198 genera,
504 1121 597 1192 vitia,
608 1120 757 1200 pericula
768 1122 886 1199 collegi
897 1145 905 1194 ;
927 1141 1068 1200 eamque
1083 1153 1086 1160 ·

49 1209 233 1268 orationem
247 1225 289 1266 ex
302 1206 393 1267 omni
415 1203 605 1284 reipublicae
621 1214 738 1267 nostrae
761 1214 945 1286 temporum
963 1206 1068 1267 varie·

48 1300 118 1353 tate
141 1291 303 1372 repetivi3
330 1290 539 1368 conclusique
564 1290 620 1361 ita,
635 1298 674 1350 ut
694 1288 846 1363 dicerem,
869 1292 930 1351 etsi
955 1310 1069 1351 omnes

49 1376 197 1437 molestae
212 1393 342 1454 semper
361 1373 537 1434 seditiones
552 1372 699 1444 fuissent,
717 1375 827 1451 justas
841 1384 953 1435 tamen
968 1373 1068 1435 fuisse

50 1460 235 1530 nonnullas
250 1468 284 1519 et
307 1459 407 1539 prope
429 1459 642 1518 necessarias
687 1457 773 1518 Turn
796 1457 864 1527 illa,
879 1477 951 1536 quae
973 1457 1069 1521 modo

51 1541 188 1604 Crassus
211 1542 500 1614 commemorabat,
515 1543 589 1620 egi3
612 1561 717 1621 neque
740 1561 835 1619 reges
850 1561 891 1603 ex
912 1540 976 1602 hae
991 1542 1070 1602 civi·

51 1636 118 1689 tate
135 1629 235 1705 exigi,
246 1647 352 1706 neque
368 1626 515 1688 tribunos
529 1625 636 1706 plebis
646 1627 761 1698 creari,
772 1646 878 1706 neque
890 1625 1075 1706 plebiscitis

51 1714 148 1774 toties
164 1712 372 1773 consularem
393 1719 591 1792 potestatem
606 1711 721 1782 minui,
736 1731 842 1789 neque
866 1712 1069 1791 provocatio·

52 1815 136 1868 nem,
158 1805 336 1876 patronam
359 1796 451 1857 illam
477 1796 623 1857 civitatis
647 1816 687 1856 ac
710 1795 873 1856 vindicem
899 1795 1070 1868 libertatis

52 1880 173 1962 populo
184 1879 334 1941 Romano
346 1877 427 1952 dari,
438 1881 508 1941 sine
520 1879 679 1941 nobilium
690 1878 898 1950 dissensione,
909 1881 1069 1959 potuisse:

53 1965 153 2037 nasi
177 1964 242 2026 illae
265 1964 440 2026 seditiones
462 1964 562 2025 saluti
585 1963 661 2024 huic
684 1964 813 2025 civitati
837 1962 983 2035 fuissent,
1004 1983 1070 2025 non

54 2047 216 2120 continuo,
232 2049 329 2126 siqui
361 2057 469 2108 motus
484 2048 597 2128 populi
612 2046 720 2108 factus
735 2057 830 2120 esset,
845 2046 877 2108 id
893 2046 928 2108 Ο.
941 2047 972 2108 N
975 2047 1069 2109 orba-

54 2153 93 2194 no
107 2134 143 2193 in
157 2131 286 2193 nefario
301 2133 447 2204 crimine,
463 2142 562 2211 atque
578 2133 612 2192 in
634 2130 750 2193 fraude
766 2132 912 2213 capitali,
928 2152 999 2195 esse
1014 2152 1070 2213 po-

54 2216 207 2278 nendum.
251 2215 348 2291 Quod
370 2218 398 2276 si
413 2235 558 2295 unquam
580 2216 701 2297 populo
716 2214 863 2278 Romano
879 2237 1070 2278 eoncessum

54 2310 147 2373 esset,
169 2309 208 2361 ut
227 2301 303 2378 jure
330 2301 514 2361 concitatus
539 2300 705 2361 videretur
729 2301 774 2376 (id
799 2301 885 2381 quod
911 2300 1070 2363 docebam

53 2385 139 2465 saepe
154 2403 227 2446 esse
243 2383 458 2462 concessum),
472 2384 599 2445 nullam
614 2384 671 2445 illa
685 2405 822 2447 causam
832 2387 1006 2463 justiorem
1021 2384 1069 2445 su·

52 2469 125 2530 isse.
171 2468 258 2530 Tum
271 2489 401 2530 ornnem
417 2469 599 2529 orationem
615 2467 747 2529 traduxi
761 2478 795 2531 et
810 2471 956 2530 converti
974 2471 1008 2529 in
1023 2470 1070 2530 in·

52 2552 254 2634 crepandam
269 2551 432 2633 Oaepionis
450 2552 573 2630 fugam,
588 2554 623 2613 in
644 2552 879 2633 deplorandum
902 2554 1070 2613 interitum

52 2638 223 2699 exercitiis.
261 2635 316 2697 Sic
329 2646 363 2698 et
373 2656 487 2698 eorum
498 2636 651 2708 dolorem,
661 2637 718 2715 qui
733 2635 892 2713 lugebant
902 2655 987 2707 suos
999 2656 1070 2697 ora·

50 2723 140 2783 tione
152 2719 370 2791 refricabam
394 2730 427 2782 et
443 2723 570 2782 animos
582 2721 727 2799 equitum
738 2719 970 2791 Romanorum,
980 2720 1070 2801 apud

52 2825 133 2884 quos
148 2816 221 2866 tum
230 2803 359 2883 judices
374 2824 476 2866 causa
491 2805 663 2883 agebatur,
675 2804 717 2866 ad
731 2804 772 2880 Q.
786 2804 948 2884 Oaepionis
960 2804 1071 2868 odium

54 2890 87 2968 (a
102 2909 168 2969 quo
183 2905 277 2951 eram
292 2890 355 2968 ipsi
369 2899 501 2970 propter
511 2889 639 2968 judicia
653 2889 857 2970 abalienati),
868 2890 1071 2952 renovabam

53 2970 169 3054 [atque
185 2973 413 3056 revocabam}

91 3056 211 3122 XLIX.
234 3057 332 3133 Quod
347 3057 404 3119 ubi
427 3059 514 3120 sensi
533 3079 587 3120 me
609 3059 643 3121 in
664 3060 867 3139 possessione
886 3058 1014 3137 judicii,
1029 3080 1070 3121 ac

51 3142 251 3205 defensionis
266 3161 359 3212 mera,
375 3144 567 3215 constitisse,
582 3142 668 3221 quod
683 3152 716 3205 et
738 3145 850 3225 populi
872 3143 1070 3204 benevolen-

51 3229 134 3289 tiam
154 3226 235 3287 mihi
257 3227 477 3299 coneilidram,
492 3230 585 3306 cujus
602 3229 658 3305 jus
680 3229 782 3288 etiam
805 3247 880 3288 cum
903 3226 1070 3288 seditionis

51 3313 282 3390 conjunctione
298 3310 508 3372 defenderam
521 3334 529 3383 ;
553 3320 586 3373 et
595 3311 887 3389 judicumnnimos
907 3318 1001 3381 totos,
1016 3313 1069 3372 vel

51 3397 245 3456 calamitate
258 3394 411 3468 civitatis
421 3397 473 3457 vel
485 3396 576 3458 luctu
589 3415 628 3456 ac
638 3394 797 3459 desulerio
807 3389 1075 3476 propinquorum,

50 3480 103 3542 vel
120 3478 195 3540 odio
217 3481 348 3559 proprio
363 3481 397 3540 in
412 3479 609 3559 Caepionem,
624 3478 666 3540 ad
682 3499 818 3558 causam
833 3489 979 3541 nostram
995 3500 1069 3543 con·

51 3573 238 3634 verteram,
260 3573 338 3628 tune
354 3564 534 3625 admiscere
558 3563 633 3624 huic
655 3565 769 3639 generi
791 3564 949 3626 orationis
971 3566 1069 3627 vehe-

12 3654 13 3659 ’
49 3649 154 3710 menti
171 3655 269 3725 atque
286 3650 388 3709 atroci
405 3668 509 3726 genus
524 3647 605 3709 illud
616 3646 757 3709 alterum
772 3648 824 3728 (de
839 3669 903 3728 quo
919 3651 995 3710 ante
1007 3651 1069 3712 dis·

49 3732 180 3813 putavi)
198 3731 344 3792 lenitatis
360 3741 392 3793 et
415 3730 677 3793 mansuetudinis
699 3736 803 3813 coepi3
825 3753 888 3804 me,
911 3753 970 3813 pro
995 3755 1068 3796 meo

49 3816 166 3889 sodali,
182 3817 238 3896 qui
253 3815 335 3877 mihi
356 3818 390 3877 in
406 3816 543 3876 liberdm
560 3817 631 3935 lpeo
645 3835 735 3877 more
750 3819 912 3892 majorum
927 3835 998 3877 esse
1014 3817 1066 3876 de·

84 3919 87 3923 ·
525 3903 562 3957 10
