2452 4290
147 313 201 373 'Io‘
410 328 448 369 ns
467 328 612 369 orarunt
630 328 719 368 mun
741 324 902 371 omme.

145 485 307 558 quuntur:
329 474 395 547 sed,
411 474 487 554 quid
503 478 660 555 euJusque
676 475 718 536 sit
736 476 913 556 proprium,
928 476 990 540 etsi
1004 496 1047 540 ex
1061 496 1102 542 eo
1112 481 1178 559 ju-

145 561 249 623 dicari
271 562 474 642 potest,ci1m
489 559 619 631 videris,
633 559 711 638 quid
732 578 870 639 quaeque
885 561 1036 636 doceant,
1048 570 1177 627 tamen

145 644 207 707 hoc
231 646 351 707 certius
373 643 454 705 nihil
476 663 547 706 esse
572 653 689 724 potest,
711 644 810 724 quam
831 645 917 724 quod
939 665 1052 708 omnes
1074 657 1179 710 artes

145 730 220 792 aliae
235 730 305 791 sine
321 729 505 809 eloquentiis
516 748 613 790 suurn
628 747 746 789 munus
760 740 917 809 prastare
932 740 1076 810 possunt,
1092 752 1177 805 ora-

145 822 197 876 tor
211 814 281 874 sine
297 813 337 874 ed
351 833 469 875 nomen
484 833 581 874 suum
598 811 746 873 obtinere
761 832 827 873 nou
840 822 966 894 potest:
989 823 1027 875 ut
1042 819 1178 889 caeteri,

146 899 174 959 si
189 899 301 959 diserti
323 899 396 969 sint,
412 897 533 977 aliquid
550 898 593 958 ab
615 895 676 957 hoc
695 896 860 969 habeant3
877 898 946 971 hic,
961 900 1025 960 nisi
1039 899 1176 962 domes-

145 984 220 1044 ticis
234 1003 269 1044 se
285 983 474 1044 instruxerit
489 983 600 1062 copiis,
612 979 744 1042 aliunde
760 980 889 1049 dicendi
904 985 1034 1064 copiam
1049 995 1176 1065 petere

145 1086 210 1131 non
225 1068 335 1147 possit.

188 1150 228 1213 X.
251 1150 337 1212 Tum
351 1148 497 1220 Catulus,
513 1147 594 1219 Etsi,
606 1150 720 1228 inquit,
732 1148 863 1223 Antoni,
877 1150 1012 1213 minime
1027 1151 1174 1232 impedi-

146 1235 248 1297 endus
263 1246 313 1296 est
328 1234 589 1314 interpellatione
606 1235 666 1294 iste
682 1252 796 1294 cursus
810 1236 967 1297 orationis
988 1244 1064 1306 tuae,
1080 1238 1175 1316 pati-

146 1318 200 1381 ere
213 1330 334 1390 tamen,
345 1318 489 1397 mihique
505 1321 662 1396 ignosces
707 1314 782 1379 Non
796 1319 878 1379 enim
886 1339 1014 1462 possum
1025 1319 1105 1399 quin
1116 1341 1175 1380 en-

145 1402 281 1477 clomem,
297 1412 333 1464 ut
348 1405 395 1464 ait
417 1404 472 1464 ille
488 1404 521 1463 in
545 1403 754 1463 Trinummo:
777 1403 825 1463 ita
840 1404 884 1463 mi
909 1405 919 1464 i
935 1404 1002 1465 vim
1023 1406 1174 1465 oratoris

145 1498 217 1550 turn
232 1490 414 1568 exprimere
429 1486 593 1547 subtiliter
607 1487 697 1547 visus
713 1504 758 1556 ee,
774 1496 845 1547 tum
859 1486 994 1548 laudare
1010 1489 1174 1567 copiosis-

146 1573 246 1644 sime3
268 1571 354 1651 quod
369 1571 500 1650 quidem
516 1571 722 1650 eloquentem
738 1570 792 1632 vel
810 1572 931 1651 optime
947 1572 1056 1632 facere
1073 1588 1174 1650 opor-

146 1665 203 1729 tet,
216 1665 251 1717 ut
266 1657 489 1734 eloquentiam
503 1654 634 1716 laudet:
657 1654 754 1716 debet
769 1655 866 1725 enirn,
878 1654 921 1715 ad
936 1674 1010 1716 eam
1026 1655 1173 1718 laudan·

147 1741 233 1812 dam,
257 1741 363 1821 ipsam
386 1740 478 1801 illam
501 1738 665 1810 adhibere,
680 1758 779 1817 quam
803 1739 926 1800 laudat.
971 1738 1035 1800 Sed
1061 1759 1172 1819 perge

146 1845 259 1908 porro:
282 1824 342 1885 tibi
357 1825 446 1885 enim
461 1825 630 1895 assentior,
645 1834 791 1884 vestrum
806 1841 877 1883 esse
901 1823 962 1884 hoc
986 1830 1102 1895 totum,
1120 1821 1181 1885 dil

147 1910 232 1971 serti
254 1909 382 1980 dicere3
404 1909 501 1988 idque
523 1910 552 1970 si
573 1910 646 1988 quis
661 1909 694 1968 in
711 1907 776 1969 alii
797 1917 869 1969 arte
885 1907 997 1980 faciat,
1012 1927 1090 1969 cum
1115 1928 1170 1970 as·

147 2003 255 2055 sumto
271 1993 403 2054 aliunde
418 1995 467 2054 uti
483 1993 575 2063 bono,
590 2013 653 2053 non
669 1994 807 2074 proprio,
819 2013 880 2055 nee
896 2012 963 2054 suo.
1007 1991 1052 2053 Et
1068 1991 1171 2055 Cras-

147 2097 212 2149 sus,
227 2076 303 2138 Nox
316 2086 360 2147 te,
375 2079 488 2161 inquit,
499 2077 600 2149 nobie,
610 2078 741 2148 Antoni,
752 2077 918 2157 expolivit,
933 2077 1170 2156 hominemque

147 2160 304 2224 reddidit:
327 2180 406 2221 narn
417 2161 568 2222 hesterno
582 2181 740 2232 sermone,
751 2162 849 2223 unius
863 2161 1034 2239 cujusdam
1046 2162 1170 2240 operis,

147 2254 185 2308 ut
207 2245 253 2305 ait
276 2243 436 2315 Caecilius,
457 2247 616 2322 remigem
640 2247 783 2325 aliquem
807 2255 866 2305 aut
891 2245 1048 2324 bajulum,
1068 2245 1171 2306 nobis

147 2339 309 2393 oratorem
324 2328 553 2408 descripseras
563 2331 692 2411 inopem
707 2329 870 2409 quendam
885 2328 1104 2390 humanitatis
1115 2339 1169 2390 at-

148 2433 210 2494 que
226 2412 435 2473 inurbanum.
479 2412 565 2474 Tum
578 2415 747 2484 Antonius
764 2412 845 2474 Heri
860 2414 958 2483 enim,
972 2413 1087 2492 inquit,
1103 2412 1169 2475 hoc

148 2496 227 2558 mihi
243 2516 486 2577 proposueram,
501 2507 547 2569 ut,
563 2499 589 2559 si
605 2509 638 2557 te
653 2495 854 2567 refellissem,
870 2496 928 2557 hos
942 2497 1004 2557 abs
1018 2506 1052 2557 te
1066 2495 1167 2558 disci-

148 2582 241 2661 pulos
257 2571 475 2643 abducerem:
498 2600 594 2653 nunc,
610 2579 733 2643 Catulo,
743 2580 896 2642 audiente
912 2590 945 2641 et
960 2579 1101 2648 Caesare,
1117 2582 1170 2642 vi·

148 2665 227 2727 deor
241 2665 361 2727 debere
383 2685 447 2726 non
472 2674 542 2726 tam
564 2684 713 2746 pugnare
737 2674 856 2736 tecum,
872 2666 978 2742 quam,
993 2664 1071 2743 quid
1093 2665 1168 2745 ipse

149 2751 299 2817 sentiam,
315 2749 432 2810 dicere.

192 2832 346 2912 Sequitur
368 2834 478 2910 igitur,
493 2833 649 2911 quoniam
669 2831 763 2893 nobis
777 2841 828 2894 est
849 2830 912 2902 hic,
927 2831 967 2893 de
983 2852 1047 2911 quo
1062 2832 1168 2912 loqui·

149 2936 231 2988 mur,
248 2917 280 2977 in
297 2915 366 2978 foro
381 2926 480 2995 atque
496 2919 530 2978 in
545 2917 648 2978 oculis
664 2918 787 2978 civium
801 2915 1054 2986 constituendus,
1065 2925 1103 2977 ut
1117 2918 1169 2977 vi·

102 3053 111 3057 ,.
149 3000 296 3072 deamus,
308 3000 386 3080 quid
401 3001 431 3061 ei
447 3002 569 3079 negotii
585 3000 708 3071 demus,
720 3003 838 3080 cuique
854 3020 931 3061 eum
942 3001 1070 3061 muneri
1083 3000 1168 3061 veli·

150 3104 223 3146 mus
238 3104 309 3145 esse
325 3085 543 3164 praepositum.
588 3083 676 3146 Nam
688 3084 825 3146 Crassus
839 3083 919 3153 heri,
934 3085 1009 3145 oiim
1024 3101 1092 3154 vos,
1103 3082 1169 3145 Ca·

150 3169 219 3230 tule
235 3179 267 3231 et
282 3168 402 3239 Oaesar,
417 3189 482 3229 nou
498 3167 666 3241 adessetiS,
680 3171 788 3248 posuit
803 3169 947 3231 breviter
961 3170 995 3229 in
1010 3169 1091 3229 artis
1103 3167 1169 3228 dis-

150 3254 326 3315 tributione
342 3252 438 3326 idern,
453 3253 539 3332 quod
553 3251 658 3315 Graeci
681 3254 827 3333 plerique
843 3261 1038 3333 posuerunt:
1060 3271 1169 3331 neque

151 3339 231 3413 sane
242 3338 319 3417 quid
334 3337 403 3418 ipse
419 3339 563 3410 sentiret,
575 3337 631 3399 sed
647 3335 724 3417 quid
739 3338 782 3398 ab
797 3338 861 3399 illis
876 3335 1047 3408 diceretur,
1059 3336 1170 3399 osten·

151 3423 216 3484 dit:
239 3422 304 3483 duo
318 3424 425 3502 prima
446 3441 570 3499 genera
585 3423 800 3501 questionum
815 3440 896 3491 esse,
911 3422 946 3481 in
961 3420 1078 3500 quibus
1100 3421 1168 3483 elo·

110 3515 115 3523 '
151 3508 286 3585 quentia
311 3516 508 3575 versaretur,
533 3526 635 3567 unum
660 3505 834 3576 inlinitum,
860 3505 1003 3566 alterum
1029 3513 1167 3567 certum.

151 3589 318 3652 inlinitum
333 3587 413 3649 mihi
428 3589 602 3651 videbatur
617 3589 649 3650 id
664 3588 782 3660 dicere,
797 3591 832 3650 in
847 3608 911 3667 quo
926 3587 1050 3668 aliquid
1070 3608 1167 3666 genc-

151 3675 250 3733 ratim
273 3681 481 3751 quareretur,
504 3672 565 3737 hoo
589 3672 701 3733 modo:
733 3671 969 3752 Expetendane
995 3681 1081 3733 esset
1103 3674 1169 3736 olo·

153 3753 309 3834 quential
334 3754 551 3835 expetendine
574 3753 733 3817 honores?
757 3758 885 3818 certuni
907 3767 1029 3829 autem,
1046 3758 1082 3818 in
1105 3776 1170 3838 quo
