<?xml version="1.0" encoding="UTF-8"?>
<!DOCTYPE html PUBLIC "-//W3C//DTD XHTML 1.0 Transitional//EN"
    "http://www.w3.org/TR/xhtml1/DTD/xhtml1-transitional.dtd">
<html xmlns="http://www.w3.org/1999/xhtml" xml:lang="en" lang="en">
 <head>
  <title>
</title>
<meta http-equiv="Content-Type" content="text/html;charset=utf-8" />
  <meta name='ocr-system' content='tesseract 3.04.00' />
  <meta name='ocr-capabilities' content='ocr_page ocr_carea ocr_par ocr_line ocrx_word'/>
</head>
<body>
  <div class='ocr_page' id='page_1' title='image "./mtulliiciceroni00kinggoog_0139.png"; bbox 0 0 2434 4286; ppageno 0'>
   <div class='ocr_carea' id='block_1_1' title="bbox 320 350 1074 407">
    <p class='ocr_par' dir='ltr' id='par_1_1' title="bbox 320 350 1074 407">
     <span class='ocr_line' id='line_1_1' title="bbox 320 350 1074 407; baseline 0.007 -7"><span class='ocrx_word' id='word_1_1' title='bbox 320 360 360 400; x_wconf 84' lang='lat' dir='ltr'>un</span> <span class='ocrx_word' id='word_1_2' title='bbox 382 361 522 402; x_wconf 77' lang='lat' dir='ltr'>oanrona</span> <span class='ocrx_word' id='word_1_3' title='bbox 543 363 631 404; x_wconf 71' lang='lat' dir='ltr'>omna</span> <span class='ocrx_word' id='word_1_4' title='bbox 653 364 813 407; x_wconf 75' lang='lat' dir='ltr'>sneunous.</span> <span class='ocrx_word' id='word_1_5' title='bbox 1019 350 1074 406; x_wconf 85' lang='lat'>131</span> 
     </span>
    </p>
   </div>
   <div class='ocr_carea' id='block_1_2' title="bbox 9 505 1147 3429">
    <p class='ocr_par' dir='ltr' id='par_1_2' title="bbox 57 505 1147 670">
     <span class='ocr_line' id='line_1_2' title="bbox 58 505 1147 588; baseline -0.001 -17"><span class='ocrx_word' id='word_1_6' title='bbox 58 508 231 571; x_wconf 70' lang='lat' dir='ltr'>ciuitatem</span> <span class='ocrx_word' id='word_1_7' title='bbox 243 505 454 567; x_wconf 82' lang='lat' dir='ltr'><strong>obstrinxisse</strong></span> <span class='ocrx_word' id='word_1_8' title='bbox 471 506 623 568; x_wconf 79' lang='lat' dir='ltr'>videatur</span> <span class='ocrx_word' id='word_1_9' title='bbox 635 507 824 580; x_wconf 73' lang='lat' dir='ltr'>Mummius</span> <span class='ocrx_word' id='word_1_10' title='bbox 834 508 919 588; x_wconf 72' lang='lat' dir='ltr'>quud</span> <span class='ocrx_word' id='word_1_11' title='bbox 928 510 1078 572; x_wconf 92' lang='lat' dir='ltr'>Asellum</span> <span class='ocrx_word' id='word_1_12' title='bbox 1144 536 1147 549; x_wconf 65' lang='lat'><strong><em>¹</em></strong></span> 
     </span>
     <span class='ocr_line' id='line_1_3' title="bbox 57 590 380 670; baseline -0.012 -16"><span class='ocrx_word' id='word_1_13' title='bbox 57 591 238 670; x_wconf 74' lang='lat' dir='ltr'>ignominia</span> <span class='ocrx_word' id='word_1_14' title='bbox 254 590 380 650; x_wconf 67' lang='lat' dir='ltr'>terreris.</span> 
     </span>
    </p>

    <p class='ocr_par' dir='ltr' id='par_1_3' title="bbox 9 674 1081 2767">
     <span class='ocr_line' id='line_1_4' title="bbox 99 674 1078 748; baseline 0 -9"><span class='ocrx_word' id='word_1_15' title='bbox 99 674 232 739; x_wconf 85' lang='lat' dir='ltr'>LXVII.</span> <span class='ocrx_word' id='word_1_16' title='bbox 259 674 398 739; x_wconf 84' lang='lat' dir='ltr'>Urbana</span> <span class='ocrx_word' id='word_1_17' title='bbox 420 675 520 748; x_wconf 83' lang='lat' dir='ltr'>etiam</span> <span class='ocrx_word' id='word_1_18' title='bbox 542 674 757 734; x_wconf 80' lang='lat' dir='ltr'>dissimulatio</span> <span class='ocrx_word' id='word_1_19' title='bbox 780 684 838 747; x_wconf 85' lang='lat' dir='ltr'>est,</span> <span class='ocrx_word' id='word_1_20' title='bbox 861 678 935 737; x_wconf 80' lang='lat' dir='ltr'>clim</span> <span class='ocrx_word' id='word_1_21' title='bbox 951 678 1019 738; x_wconf 89' lang='lat' dir='ltr'>alia</span> <span class='ocrx_word' id='word_1_22' title='bbox 1033 677 1078 739; x_wconf 93' lang='lat' dir='ltr'>di-</span> 
     </span>
     <span class='ocr_line' id='line_1_5' title="bbox 58 757 1079 837; baseline 0.001 -15"><span class='ocrx_word' id='word_1_23' title='bbox 58 772 239 832; x_wconf 71' lang='lat' dir='ltr'>cumanae</span> <span class='ocrx_word' id='word_1_24' title='bbox 255 761 388 829; x_wconf 75' lang='lat' dir='ltr'>sentias</span> <span class='ocrx_word' id='word_1_25' title='bbox 400 779 464 818; x_wconf 92' lang='lat' dir='ltr'>non</span> <span class='ocrx_word' id='word_1_26' title='bbox 479 758 535 819; x_wconf 90' lang='lat' dir='ltr'>illo</span> <span class='ocrx_word' id='word_1_27' title='bbox 551 778 680 836; x_wconf 79' lang='lat' dir='ltr'>genere,</span> <span class='ocrx_word' id='word_1_28' title='bbox 693 757 732 818; x_wconf 90' lang='lat' dir='ltr'>de</span> <span class='ocrx_word' id='word_1_29' title='bbox 748 779 811 837; x_wconf 90' lang='lat' dir='ltr'>quo</span> <span class='ocrx_word' id='word_1_30' title='bbox 826 761 902 820; x_wconf 81' lang='lat' dir='ltr'>ante</span> <span class='ocrx_word' id='word_1_31' title='bbox 918 760 994 831; x_wconf 84' lang='lat' dir='ltr'>dixi,</span> <span class='ocrx_word' id='word_1_32' title='bbox 1004 764 1079 823; x_wconf 83' lang='lat' dir='ltr'>eum</span> 
     </span>
     <span class='ocr_line' id='line_1_6' title="bbox 58 841 1077 923; baseline 0.001 -17"><span class='ocrx_word' id='word_1_33' title='bbox 58 841 227 906; x_wconf 88' lang='lat' dir='ltr'>contraria</span> <span class='ocrx_word' id='word_1_34' title='bbox 248 843 349 914; x_wconf 74' lang='lat' dir='ltr'>dicas</span> <span class='ocrx_word' id='word_1_35' title='bbox 364 850 399 903; x_wconf 88' lang='lat' dir='ltr'>ut</span> <span class='ocrx_word' id='word_1_36' title='bbox 422 842 555 903; x_wconf 67' lang='lat' dir='ltr'>Lamiae,</span> <span class='ocrx_word' id='word_1_37' title='bbox 572 841 730 911; x_wconf 80' lang='lat' dir='ltr'>Crassus3</span> <span class='ocrx_word' id='word_1_38' title='bbox 756 843 814 903; x_wconf 92' lang='lat' dir='ltr'>sed</span> <span class='ocrx_word' id='word_1_39' title='bbox 837 845 910 905; x_wconf 76' lang='lat' dir='ltr'>cum</span> <span class='ocrx_word' id='word_1_40' title='bbox 931 853 1005 906; x_wconf 89' lang='lat' dir='ltr'>toto·</span> <span class='ocrx_word' id='word_1_41' title='bbox 1022 865 1077 923; x_wconf 83' lang='lat' dir='ltr'>ge-</span> 
     </span>
     <span class='ocr_line' id='line_1_7' title="bbox 9 925 1078 999; baseline 0.001 -10"><span class='ocrx_word' id='word_1_42' title='bbox 9 968 11 975; x_wconf 91' lang='lat'>·</span> <span class='ocrx_word' id='word_1_43' title='bbox 59 949 135 989; x_wconf 90' lang='lat' dir='ltr'>uere</span> <span class='ocrx_word' id='word_1_44' title='bbox 162 928 322 989; x_wconf 86' lang='lat' dir='ltr'>orationis</span> <span class='ocrx_word' id='word_1_45' title='bbox 345 927 458 986; x_wconf 79' lang='lat' dir='ltr'>severe</span> <span class='ocrx_word' id='word_1_46' title='bbox 479 926 584 996; x_wconf 87' lang='lat' dir='ltr'>ludas,</span> <span class='ocrx_word' id='word_1_47' title='bbox 599 927 674 986; x_wconf 75' lang='lat' dir='ltr'>crim</span> <span class='ocrx_word' id='word_1_48' title='bbox 696 925 792 987; x_wconf 88' lang='lat' dir='ltr'>aliter</span> <span class='ocrx_word' id='word_1_49' title='bbox 813 930 945 999; x_wconf 89' lang='lat' dir='ltr'>sentias,</span> <span class='ocrx_word' id='word_1_50' title='bbox 972 950 1011 989; x_wconf 90' lang='lat' dir='ltr'>ac</span> <span class='ocrx_word' id='word_1_51' title='bbox 1035 930 1078 991; x_wconf 87' lang='lat' dir='ltr'>lo·</span> 
     </span>
     <span class='ocr_line' id='line_1_8' title="bbox 59 1004 1078 1092; baseline 0.001 -19"><span class='ocrx_word' id='word_1_52' title='bbox 59 1032 182 1092; x_wconf 85' lang='lat' dir='ltr'>quare:</span> <span class='ocrx_word' id='word_1_53' title='bbox 207 1021 245 1072; x_wconf 92' lang='lat' dir='ltr'>ut</span> <span class='ocrx_word' id='word_1_54' title='bbox 268 1020 377 1070; x_wconf 89' lang='lat' dir='ltr'>noster</span> <span class='ocrx_word' id='word_1_55' title='bbox 401 1004 551 1071; x_wconf 68' lang='lat' dir='ltr'>Scaevola</span> <span class='ocrx_word' id='word_1_56' title='bbox 574 1009 799 1089; x_wconf 84' lang='lat' dir='ltr'>Septumuleio</span> <span class='ocrx_word' id='word_1_57' title='bbox 823 1012 870 1072; x_wconf 90' lang='lat' dir='ltr'>illi</span> <span class='ocrx_word' id='word_1_58' title='bbox 894 1014 1078 1090; x_wconf 81' lang='lat' dir='ltr'>Anagnino,</span> 
     </span>
     <span class='ocr_line' id='line_1_9' title="bbox 59 1093 1079 1176; baseline -0.001 -18"><span class='ocrx_word' id='word_1_59' title='bbox 59 1098 110 1158; x_wconf 88' lang='lat' dir='ltr'>cui</span> <span class='ocrx_word' id='word_1_60' title='bbox 126 1116 187 1176; x_wconf 89' lang='lat' dir='ltr'>pro</span> <span class='ocrx_word' id='word_1_61' title='bbox 200 1093 236 1156; x_wconf 83' lang='lat' dir='ltr'>O,</span> <span class='ocrx_word' id='word_1_62' title='bbox 248 1093 391 1156; x_wconf 83' lang='lat' dir='ltr'>Gracchi</span> <span class='ocrx_word' id='word_1_63' title='bbox 403 1095 511 1172; x_wconf 87' lang='lat' dir='ltr'>capite</span> <span class='ocrx_word' id='word_1_64' title='bbox 528 1104 599 1154; x_wconf 89' lang='lat' dir='ltr'>erat</span> <span class='ocrx_word' id='word_1_65' title='bbox 610 1112 728 1154; x_wconf 88' lang='lat' dir='ltr'>aurum</span> <span class='ocrx_word' id='word_1_66' title='bbox 743 1113 926 1174; x_wconf 90' lang='lat' dir='ltr'>repensum,</span> <span class='ocrx_word' id='word_1_67' title='bbox 939 1099 1079 1174; x_wconf 83' lang='lat' dir='ltr'>roganti,</span> 
     </span>
     <span class='ocr_line' id='line_1_10' title="bbox 59 1176 1079 1260; baseline 0.002 -20"><span class='ocrx_word' id='word_1_68' title='bbox 59 1192 94 1240; x_wconf 88' lang='lat' dir='ltr'>ut</span> <span class='ocrx_word' id='word_1_69' title='bbox 109 1201 145 1240; x_wconf 88' lang='lat' dir='ltr'>se</span> <span class='ocrx_word' id='word_1_70' title='bbox 162 1181 198 1239; x_wconf 90' lang='lat' dir='ltr'>in</span> <span class='ocrx_word' id='word_1_71' title='bbox 213 1178 330 1239; x_wconf 82' lang='lat' dir='ltr'>Asiam</span> <span class='ocrx_word' id='word_1_72' title='bbox 344 1177 538 1258; x_wconf 80' lang='lat' dir='ltr'>praefectum</span> <span class='ocrx_word' id='word_1_73' title='bbox 553 1177 696 1248; x_wconf 88' lang='lat' dir='ltr'>duceret,</span> <span class='ocrx_word' id='word_1_74' title='bbox 714 1176 802 1248; x_wconf 71' lang='lat' dir='ltr'>Quid</span> <span class='ocrx_word' id='word_1_75' title='bbox 820 1177 876 1238; x_wconf 81' lang='lat' dir='ltr'>tibi</span> <span class='ocrx_word' id='word_1_76' title='bbox 895 1179 950 1252; x_wconf 83' lang='lat' dir='ltr'>vis,</span> <span class='ocrx_word' id='word_1_77' title='bbox 965 1182 1079 1260; x_wconf 88' lang='lat' dir='ltr'>inquit,</span> 
     </span>
     <span class='ocr_line' id='line_1_11' title="bbox 60 1259 1078 1344; baseline 0.001 -20"><span class='ocrx_word' id='word_1_78' title='bbox 60 1263 196 1324; x_wconf 79' lang='lat' dir='ltr'>insane?</span> <span class='ocrx_word' id='word_1_79' title='bbox 219 1271 308 1322; x_wconf 76' lang='lat' dir='ltr'>tantu</span> <span class='ocrx_word' id='word_1_80' title='bbox 323 1260 474 1333; x_wconf 70' lang='lat' dir='ltr'>cleriorum</span> <span class='ocrx_word' id='word_1_81' title='bbox 491 1271 536 1321; x_wconf 82' lang='lat' dir='ltr'>est</span> <span class='ocrx_word' id='word_1_82' title='bbox 558 1259 864 1333; x_wconf 66' lang='lat' dir='ltr'>multimammiam,</span> <span class='ocrx_word' id='word_1_83' title='bbox 886 1273 920 1323; x_wconf 84' lang='lat' dir='ltr'>ut</span> <span class='ocrx_word' id='word_1_84' title='bbox 942 1263 999 1324; x_wconf 82' lang='lat' dir='ltr'>tibi</span> <span class='ocrx_word' id='word_1_85' title='bbox 1021 1286 1078 1344; x_wconf 82' lang='lat' dir='ltr'>ego</span> 
     </span>
     <span class='ocr_line' id='line_1_12' title="bbox 57 1342 1078 1427; baseline -0.001 -18"><span class='ocrx_word' id='word_1_86' title='bbox 57 1348 111 1408; x_wconf 78' lang='lat' dir='ltr'>hoc</span> <span class='ocrx_word' id='word_1_87' title='bbox 127 1345 314 1427; x_wconf 78' lang='lat' dir='ltr'>confirmem,</span> <span class='ocrx_word' id='word_1_88' title='bbox 326 1344 355 1404; x_wconf 80' lang='lat' dir='ltr'>si</span> <span class='ocrx_word' id='word_1_89' title='bbox 369 1342 477 1406; x_wconf 63' lang='lat' dir='ltr'>Romae</span> <span class='ocrx_word' id='word_1_90' title='bbox 490 1343 652 1410; x_wconf 65' lang='lat' dir='ltr'>manseres*</span> <span class='ocrx_word' id='word_1_91' title='bbox 661 1353 690 1404; x_wconf 86' lang='lat' dir='ltr'>te</span> <span class='ocrx_word' id='word_1_92' title='bbox 699 1343 814 1424; x_wconf 78' lang='lat' dir='ltr'>paucis</span> <span class='ocrx_word' id='word_1_93' title='bbox 828 1345 922 1405; x_wconf 84' lang='lat' dir='ltr'>annis</span> <span class='ocrx_word' id='word_1_94' title='bbox 938 1348 981 1407; x_wconf 83' lang='lat' dir='ltr'>od</span> <span class='ocrx_word' id='word_1_95' title='bbox 994 1368 1078 1408; x_wconf 80' lang='lat' dir='ltr'>mux-</span> 
     </span>
     <span class='ocr_line' id='line_1_13' title="bbox 58 1425 1078 1511; baseline -0.001 -18"><span class='ocrx_word' id='word_1_96' title='bbox 58 1431 138 1492; x_wconf 82' lang='lat' dir='ltr'>imoa</span> <span class='ocrx_word' id='word_1_97' title='bbox 147 1428 305 1511; x_wconf 75' lang='lat' dir='ltr'>pecunius</span> <span class='ocrx_word' id='word_1_98' title='bbox 321 1449 382 1488; x_wconf 79' lang='lat' dir='ltr'>esse</span> <span class='ocrx_word' id='word_1_99' title='bbox 397 1438 567 1488; x_wconf 84' lang='lat' dir='ltr'>ventarum.</span> <span class='ocrx_word' id='word_1_100' title='bbox 612 1425 648 1488; x_wconf 91' lang='lat' dir='ltr'>In</span> <span class='ocrx_word' id='word_1_101' title='bbox 664 1426 724 1487; x_wconf 88' lang='lat' dir='ltr'>hoc</span> <span class='ocrx_word' id='word_1_102' title='bbox 747 1448 867 1505; x_wconf 84' lang='lat' dir='ltr'>genere</span> <span class='ocrx_word' id='word_1_103' title='bbox 882 1428 1030 1491; x_wconf 88' lang='lat' dir='ltr'>Fannius</span> <span class='ocrx_word' id='word_1_104' title='bbox 1044 1432 1078 1493; x_wconf 90' lang='lat' dir='ltr'>in</span> 
     </span>
     <span class='ocr_line' id='line_1_14' title="bbox 59 1509 1079 1587; baseline -0.001 -10"><span class='ocrx_word' id='word_1_105' title='bbox 59 1513 238 1576; x_wconf 79' lang='lat' dir='ltr'>annalibus</span> <span class='ocrx_word' id='word_1_106' title='bbox 253 1514 320 1573; x_wconf 85' lang='lat' dir='ltr'>suis</span> <span class='ocrx_word' id='word_1_107' title='bbox 336 1512 530 1574; x_wconf 86' lang='lat' dir='ltr'>Africanum</span> <span class='ocrx_word' id='word_1_108' title='bbox 544 1510 630 1572; x_wconf 87' lang='lat' dir='ltr'>hunc</span> <span class='ocrx_word' id='word_1_109' title='bbox 646 1509 862 1573; x_wconf 88' lang='lat' dir='ltr'>AEmilianum</span> <span class='ocrx_word' id='word_1_110' title='bbox 877 1513 955 1573; x_wconf 88' lang='lat' dir='ltr'>dicit</span> <span class='ocrx_word' id='word_1_111' title='bbox 970 1513 1079 1587; x_wconf 88' lang='lat' dir='ltr'>fuisse,</span> 
     </span>
     <span class='ocr_line' id='line_1_15' title="bbox 59 1595 1079 1676; baseline -0.002 -15"><span class='ocrx_word' id='word_1_112' title='bbox 59 1611 91 1661; x_wconf 88' lang='lat' dir='ltr'>ct</span> <span class='ocrx_word' id='word_1_113' title='bbox 114 1619 195 1660; x_wconf 88' lang='lat' dir='ltr'>eum</span> <span class='ocrx_word' id='word_1_114' title='bbox 210 1595 326 1658; x_wconf 87' lang='lat' dir='ltr'>Graeco</span> <span class='ocrx_word' id='word_1_115' title='bbox 341 1595 441 1656; x_wconf 88' lang='lat' dir='ltr'>verbo</span> <span class='ocrx_word' id='word_1_116' title='bbox 457 1596 601 1676; x_wconf 87' lang='lat' dir='ltr'>appellat</span> <span class='ocrx_word' id='word_1_117' title='bbox 617 1597 723 1675; x_wconf 72' lang='lat' dir='ltr'>ei‘gora:</span> <span class='ocrx_word' id='word_1_118' title='bbox 746 1596 812 1667; x_wconf 87' lang='lat' dir='ltr'>sed,</span> <span class='ocrx_word' id='word_1_119' title='bbox 828 1596 876 1658; x_wconf 89' lang='lat' dir='ltr'>uti</span> <span class='ocrx_word' id='word_1_120' title='bbox 892 1595 1009 1669; x_wconf 88' lang='lat' dir='ltr'>ferunt,</span> <span class='ocrx_word' id='word_1_121' title='bbox 1024 1600 1079 1675; x_wconf 94' lang='lat' dir='ltr'>qui</span> 
     </span>
     <span class='ocr_line' id='line_1_16' title="bbox 58 1679 1079 1759; baseline -0.001 -16"><span class='ocrx_word' id='word_1_122' title='bbox 58 1683 178 1743; x_wconf 80' lang='lat' dir='ltr'>melius</span> <span class='ocrx_word' id='word_1_123' title='bbox 195 1680 266 1742; x_wconf 85' lang='lat' dir='ltr'>haec</span> <span class='ocrx_word' id='word_1_124' title='bbox 281 1680 408 1751; x_wconf 76' lang='lat' dir='ltr'>norunt,</span> <span class='ocrx_word' id='word_1_125' title='bbox 424 1680 593 1740; x_wconf 83' lang='lat' dir='ltr'>Socratem</span> <span class='ocrx_word' id='word_1_126' title='bbox 608 1681 722 1759; x_wconf 91' lang='lat' dir='ltr'>opinor</span> <span class='ocrx_word' id='word_1_127' title='bbox 743 1680 778 1741; x_wconf 87' lang='lat' dir='ltr'>in</span> <span class='ocrx_word' id='word_1_128' title='bbox 792 1679 855 1742; x_wconf 86' lang='lat' dir='ltr'>hae</span> <span class='ocrx_word' id='word_1_129' title='bbox 871 1682 974 1742; x_wconf 78' lang='lat' dir='ltr'>ironia</span> <span class='ocrx_word' id='word_1_130' title='bbox 989 1680 1079 1742; x_wconf 88' lang='lat' dir='ltr'>dissi-</span> 
     </span>
     <span class='ocr_line' id='line_1_17' title="bbox 58 1762 1079 1845; baseline -0.002 -17"><span class='ocrx_word' id='word_1_131' title='bbox 58 1766 287 1844; x_wconf 73' lang='lat' dir='ltr'>mulantiaque</span> <span class='ocrx_word' id='word_1_132' title='bbox 299 1763 394 1841; x_wconf 81' lang='lat' dir='ltr'>longe</span> <span class='ocrx_word' id='word_1_133' title='bbox 407 1764 516 1843; x_wconf 88' lang='lat' dir='ltr'>lepore</span> <span class='ocrx_word' id='word_1_134' title='bbox 528 1772 561 1823; x_wconf 92' lang='lat' dir='ltr'>et</span> <span class='ocrx_word' id='word_1_135' title='bbox 577 1762 782 1829; x_wconf 82' lang='lat' dir='ltr'>humanitate</span> <span class='ocrx_word' id='word_1_136' title='bbox 795 1766 945 1826; x_wconf 90' lang='lat' dir='ltr'>omnibus</span> <span class='ocrx_word' id='word_1_137' title='bbox 957 1767 1079 1845; x_wconf 85' lang='lat' dir='ltr'>praesti-</span> 
     </span>
     <span class='ocr_line' id='line_1_18' title="bbox 58 1847 1079 1929; baseline -0.003 -16"><span class='ocrx_word' id='word_1_138' title='bbox 58 1852 172 1913; x_wconf 57' lang='lat' dir='ltr'>iisset</span> <span class='ocrx_word' id='word_1_139' title='bbox 194 1848 307 1910; x_wconf 88' lang='lat' dir='ltr'>Genus</span> <span class='ocrx_word' id='word_1_140' title='bbox 323 1857 371 1908; x_wconf 90' lang='lat' dir='ltr'>est</span> <span class='ocrx_word' id='word_1_141' title='bbox 393 1847 596 1929; x_wconf 71' lang='lat' dir='ltr'>perelegans</span> <span class='ocrx_word' id='word_1_142' title='bbox 612 1857 645 1907; x_wconf 90' lang='lat' dir='ltr'>et</span> <span class='ocrx_word' id='word_1_143' title='bbox 667 1867 742 1908; x_wconf 84' lang='lat' dir='ltr'>eum</span> <span class='ocrx_word' id='word_1_144' title='bbox 765 1851 930 1925; x_wconf 86' lang='lat' dir='ltr'>gravitate</span> <span class='ocrx_word' id='word_1_145' title='bbox 946 1849 1079 1921; x_wconf 90' lang='lat' dir='ltr'>salsum,</span> 
     </span>
     <span class='ocr_line' id='line_1_19' title="bbox 59 1930 1080 2014; baseline -0.002 -19"><span class='ocrx_word' id='word_1_146' title='bbox 59 1937 200 2014; x_wconf 77' lang='lat' dir='ltr'>cumque</span> <span class='ocrx_word' id='word_1_147' title='bbox 224 1933 373 1993; x_wconf 88' lang='lat' dir='ltr'>oratoriis</span> <span class='ocrx_word' id='word_1_148' title='bbox 396 1930 602 2002; x_wconf 70' lang='lat' dir='ltr'>dictionibus</span> <span class='ocrx_word' id='word_1_149' title='bbox 623 1939 694 1991; x_wconf 90' lang='lat' dir='ltr'>tum</span> <span class='ocrx_word' id='word_1_150' title='bbox 718 1930 853 1993; x_wconf 87' lang='lat' dir='ltr'>urbanis</span> <span class='ocrx_word' id='word_1_151' title='bbox 876 1932 1080 1995; x_wconf 78' lang='lat' dir='ltr'>sermonibus</span> 
     </span>
     <span class='ocr_line' id='line_1_20' title="bbox 60 2014 1079 2095; baseline -0.001 -16"><span class='ocrx_word' id='word_1_152' title='bbox 60 2016 356 2080; x_wconf 88' lang='lat' dir='ltr'>accommodatum.</span> <span class='ocrx_word' id='word_1_153' title='bbox 400 2014 454 2087; x_wconf 87' lang='lat' dir='ltr'>Et,</span> <span class='ocrx_word' id='word_1_154' title='bbox 469 2014 611 2087; x_wconf 84' lang='lat' dir='ltr'>hercule,</span> <span class='ocrx_word' id='word_1_155' title='bbox 626 2016 737 2075; x_wconf 89' lang='lat' dir='ltr'>omnia</span> <span class='ocrx_word' id='word_1_156' title='bbox 752 2014 831 2086; x_wconf 70' lang='lat' dir='ltr'>haec,</span> <span class='ocrx_word' id='word_1_157' title='bbox 846 2035 919 2095; x_wconf 83' lang='lat' dir='ltr'>quae</span> <span class='ocrx_word' id='word_1_158' title='bbox 934 2028 956 2077; x_wconf 87' lang='lat' dir='ltr'>&#39;a</span> <span class='ocrx_word' id='word_1_159' title='bbox 971 2037 1023 2078; x_wconf 90' lang='lat' dir='ltr'>me</span> <span class='ocrx_word' id='word_1_160' title='bbox 1039 2017 1079 2078; x_wconf 90' lang='lat' dir='ltr'>de</span> 
     </span>
     <span class='ocr_line' id='line_1_21' title="bbox 59 2099 1080 2179; baseline -0.001 -16"><span class='ocrx_word' id='word_1_161' title='bbox 59 2103 191 2163; x_wconf 81' lang='lat' dir='ltr'>facetiis</span> <span class='ocrx_word' id='word_1_162' title='bbox 216 2100 433 2179; x_wconf 88' lang='lat' dir='ltr'>disputantur,</span> <span class='ocrx_word' id='word_1_163' title='bbox 460 2119 524 2159; x_wconf 89' lang='lat' dir='ltr'>non</span> <span class='ocrx_word' id='word_1_164' title='bbox 547 2099 675 2176; x_wconf 86' lang='lat' dir='ltr'>majora</span> <span class='ocrx_word' id='word_1_165' title='bbox 700 2099 877 2161; x_wconf 82' lang='lat' dir='ltr'>forensium</span> <span class='ocrx_word' id='word_1_166' title='bbox 903 2102 1080 2172; x_wconf 86' lang='lat' dir='ltr'>actionum,</span> 
     </span>
     <span class='ocr_line' id='line_1_22' title="bbox 60 2182 1080 2266; baseline 0.001 -20"><span class='ocrx_word' id='word_1_167' title='bbox 60 2188 159 2266; x_wconf 74' lang='lat' dir='ltr'>quam</span> <span class='ocrx_word' id='word_1_168' title='bbox 170 2185 318 2245; x_wconf 89' lang='lat' dir='ltr'>omnium</span> <span class='ocrx_word' id='word_1_169' title='bbox 332 2202 527 2264; x_wconf 87' lang='lat' dir='ltr'>sermonum,</span> <span class='ocrx_word' id='word_1_170' title='bbox 539 2182 746 2244; x_wconf 90' lang='lat' dir='ltr'>condimenta</span> <span class='ocrx_word' id='word_1_171' title='bbox 762 2193 846 2245; x_wconf 90' lang='lat' dir='ltr'>sunt.</span> <span class='ocrx_word' id='word_1_172' title='bbox 884 2183 917 2245; x_wconf 93' lang='lat' dir='ltr'><strong>N</strong></span> <span class='ocrx_word' id='word_1_173' title='bbox 919 2207 983 2258; x_wconf 87' lang='lat' dir='ltr'>am,</span> <span class='ocrx_word' id='word_1_174' title='bbox 995 2184 1080 2265; x_wconf 91' lang='lat' dir='ltr'>quod</span> 
     </span>
     <span class='ocr_line' id='line_1_23' title="bbox 61 2266 1079 2350; baseline -0.001 -19"><span class='ocrx_word' id='word_1_175' title='bbox 61 2269 149 2350; x_wconf 85' lang='lat' dir='ltr'>apud</span> <span class='ocrx_word' id='word_1_176' title='bbox 166 2266 327 2329; x_wconf 82' lang='lat' dir='ltr'>Catonern</span> <span class='ocrx_word' id='word_1_177' title='bbox 342 2277 401 2339; x_wconf 91' lang='lat' dir='ltr'>est,</span> <span class='ocrx_word' id='word_1_178' title='bbox 416 2268 471 2346; x_wconf 90' lang='lat' dir='ltr'>qui</span> <span class='ocrx_word' id='word_1_179' title='bbox 489 2266 593 2326; x_wconf 89' lang='lat' dir='ltr'>multa</span> <span class='ocrx_word' id='word_1_180' title='bbox 607 2268 728 2340; x_wconf 88' lang='lat' dir='ltr'>retulit,</span> <span class='ocrx_word' id='word_1_181' title='bbox 740 2289 780 2329; x_wconf 86' lang='lat' dir='ltr'>ex</span> <span class='ocrx_word' id='word_1_182' title='bbox 792 2269 908 2347; x_wconf 89' lang='lat' dir='ltr'>quibus</span> <span class='ocrx_word' id='word_1_183' title='bbox 924 2290 946 2330; x_wconf 93' lang='lat' dir='ltr'>a</span> <span class='ocrx_word' id='word_1_184' title='bbox 961 2290 1012 2330; x_wconf 89' lang='lat' dir='ltr'>me</span> <span class='ocrx_word' id='word_1_185' title='bbox 1026 2289 1079 2330; x_wconf 84' lang='lat' dir='ltr'>ex·</span> 
     </span>
     <span class='ocr_line' id='line_1_24' title="bbox 9 2351 1081 2433; baseline -0.001 -18"><span class='ocrx_word' id='word_1_186' title='bbox 9 2404 10 2427; x_wconf 42' lang='lat'>2</span> <span class='ocrx_word' id='word_1_187' title='bbox 60 2354 161 2433; x_wconf 89' lang='lat' dir='ltr'>empli</span> <span class='ocrx_word' id='word_1_188' title='bbox 185 2352 287 2414; x_wconf 68' lang='lat' dir='ltr'>causti</span> <span class='ocrx_word' id='word_1_189' title='bbox 303 2352 407 2412; x_wconf 89' lang='lat' dir='ltr'>multa</span> <span class='ocrx_word' id='word_1_190' title='bbox 428 2358 603 2432; x_wconf 86' lang='lat' dir='ltr'>ponuntur,</span> <span class='ocrx_word' id='word_1_191' title='bbox 625 2369 682 2430; x_wconf 89' lang='lat' dir='ltr'>per</span> <span class='ocrx_word' id='word_1_192' title='bbox 696 2351 776 2412; x_wconf 88' lang='lat' dir='ltr'>mihi</span> <span class='ocrx_word' id='word_1_193' title='bbox 800 2355 919 2414; x_wconf 88' lang='lat' dir='ltr'>scitum</span> <span class='ocrx_word' id='word_1_194' title='bbox 942 2354 1081 2424; x_wconf 87' lang='lat' dir='ltr'>videtur,</span> 
     </span>
     <span class='ocr_line' id='line_1_25' title="bbox 9 2430 1080 2506; baseline -0.001 -8"><span class='ocrx_word' id='word_1_195' title='bbox 9 2430 12 2461; x_wconf 54' lang='lat'>&#39;&#39;</span> <span class='ocrx_word' id='word_1_196' title='bbox 61 2437 95 2498; x_wconf 84' lang='lat' dir='ltr'>C.</span> <span class='ocrx_word' id='word_1_197' title='bbox 112 2436 300 2500; x_wconf 84' lang='lat' dir='ltr'>Publicium</span> <span class='ocrx_word' id='word_1_198' title='bbox 324 2436 455 2497; x_wconf 91' lang='lat' dir='ltr'>solitum</span> <span class='ocrx_word' id='word_1_199' title='bbox 479 2435 598 2506; x_wconf 87' lang='lat' dir='ltr'>dicere,</span> <span class='ocrx_word' id='word_1_200' title='bbox 621 2432 866 2497; x_wconf 84' lang='lat' dir='ltr'>P.-Mammiam</span> <span class='ocrx_word' id='word_1_201' title='bbox 889 2436 987 2498; x_wconf 81' lang='lat' dir='ltr'>cuivis</span> <span class='ocrx_word' id='word_1_202' title='bbox 1009 2446 1080 2498; x_wconf 84' lang='lat' dir='ltr'>tem·</span> 
     </span>
     <span class='ocr_line' id='line_1_26' title="bbox 57 2517 1080 2603; baseline 0.001 -23"><span class='ocrx_word' id='word_1_203' title='bbox 57 2520 132 2603; x_wconf 77' lang='lat' dir='ltr'>pori</span> <span class='ocrx_word' id='word_1_204' title='bbox 146 2520 298 2580; x_wconf 80' lang='lat' dir='ltr'>hominem</span> <span class='ocrx_word' id='word_1_205' title='bbox 314 2539 387 2579; x_wconf 82' lang='lat' dir='ltr'>esse.</span> <span class='ocrx_word' id='word_1_206' title='bbox 431 2517 486 2580; x_wconf 88' lang='lat' dir='ltr'>Sic</span> <span class='ocrx_word' id='word_1_207' title='bbox 502 2517 648 2598; x_wconf 79' lang='lat' dir='ltr'>profecto</span> <span class='ocrx_word' id='word_1_208' title='bbox 663 2538 714 2578; x_wconf 90' lang='lat' dir='ltr'>res</span> <span class='ocrx_word' id='word_1_209' title='bbox 729 2539 764 2578; x_wconf 91' lang='lat' dir='ltr'>se</span> <span class='ocrx_word' id='word_1_210' title='bbox 779 2519 890 2592; x_wconf 87' lang='lat' dir='ltr'>habet,</span> <span class='ocrx_word' id='word_1_211' title='bbox 902 2521 1028 2581; x_wconf 91' lang='lat' dir='ltr'>nullum</span> <span class='ocrx_word' id='word_1_212' title='bbox 1044 2530 1080 2581; x_wconf 88' lang='lat' dir='ltr'>ut</span> 
     </span>
     <span class='ocr_line' id='line_1_27' title="bbox 61 2602 1080 2703; baseline -0.003 -37"><span class='ocrx_word' id='word_1_213' title='bbox 61 2607 103 2666; x_wconf 87' lang='lat' dir='ltr'>sit</span> <span class='ocrx_word' id='word_1_214' title='bbox 119 2604 197 2665; x_wconf 84' lang='lat' dir='ltr'>vitae</span> <span class='ocrx_word' id='word_1_215' title='bbox 220 2614 358 2684; x_wconf 70' lang='lat' dir='ltr'>tempus</span> <span class='ocrx_word' id='word_1_216' title='bbox 373 2604 407 2663; x_wconf 91' lang='lat' dir='ltr'>in</span> <span class='ocrx_word' id='word_1_217' title='bbox 422 2623 485 2682; x_wconf 91' lang='lat' dir='ltr'>quo</span> <span class='ocrx_word' id='word_1_218' title='bbox 500 2623 563 2663; x_wconf 91' lang='lat' dir='ltr'>non</span> <span class='ocrx_word' id='word_1_219' title='bbox 588 2602 704 2663; x_wconf 85' lang='lat' dir='ltr'>deceat</span> <span class='ocrx_word' id='word_1_220' title='bbox 727 2602 871 2683; x_wconf 90' lang='lat' dir='ltr'>leporem</span> <span class='ocrx_word' id='word_1_221' title='bbox 895 2603 1080 2703; x_wconf 60' lang='lat' dir='ltr'>hnmanita-</span> 
     </span>
     <span class='ocr_line' id='line_1_28' title="bbox 60 2682 916 2767; baseline -0.007 -17"><span class='ocrx_word' id='word_1_222' title='bbox 60 2699 195 2767; x_wconf 87' lang='lat' dir='ltr'>temque</span> <span class='ocrx_word' id='word_1_223' title='bbox 210 2688 345 2748; x_wconf 83' lang='lat' dir='ltr'>versari.</span> <span class='ocrx_word' id='word_1_224' title='bbox 703 2724 705 2727; x_wconf 93' lang='lat'>-</span> <span class='ocrx_word' id='word_1_225' title='bbox 837 2682 916 2763; x_wconf 46' lang='grc' dir='ltr'>’Ψ</span> 
     </span>
    </p>

    <p class='ocr_par' dir='ltr' id='par_1_4' title="bbox 9 2768 1081 3360">
     <span class='ocr_line' id='line_1_29' title="bbox 104 2768 1081 2837; baseline 0 -5"><span class='ocrx_word' id='word_1_226' title='bbox 104 2771 172 2833; x_wconf 83' lang='lat' dir='ltr'>Sed</span> <span class='ocrx_word' id='word_1_227' title='bbox 196 2771 293 2832; x_wconf 88' lang='lat' dir='ltr'>redeo</span> <span class='ocrx_word' id='word_1_228' title='bbox 318 2769 360 2832; x_wconf 92' lang='lat' dir='ltr'>ad</span> <span class='ocrx_word' id='word_1_229' title='bbox 382 2779 512 2831; x_wconf 88' lang='lat' dir='ltr'>eaetera.</span> <span class='ocrx_word' id='word_1_230' title='bbox 557 2768 617 2831; x_wconf 87' lang='lat' dir='ltr'>Est</span> <span class='ocrx_word' id='word_1_231' title='bbox 640 2768 716 2837; x_wconf 90' lang='lat' dir='ltr'>huic</span> <span class='ocrx_word' id='word_1_232' title='bbox 739 2769 912 2831; x_wconf 89' lang='lat' dir='ltr'>finitimum</span> <span class='ocrx_word' id='word_1_233' title='bbox 934 2769 1081 2832; x_wconf 90' lang='lat' dir='ltr'>dissimu-</span> 
     </span>
     <span class='ocr_line' id='line_1_30' title="bbox 62 2852 1080 2936; baseline -0.002 -18"><span class='ocrx_word' id='word_1_234' title='bbox 62 2857 189 2927; x_wconf 85' lang='lat' dir='ltr'>lationi,</span> <span class='ocrx_word' id='word_1_235' title='bbox 219 2857 294 2916; x_wconf 79' lang='lat' dir='ltr'>eum</span> <span class='ocrx_word' id='word_1_236' title='bbox 329 2854 467 2915; x_wconf 87' lang='lat' dir='ltr'>honesto</span> <span class='ocrx_word' id='word_1_237' title='bbox 496 2852 597 2914; x_wconf 84' lang='lat' dir='ltr'>verbo</span> <span class='ocrx_word' id='word_1_238' title='bbox 633 2854 752 2914; x_wconf 87' lang='lat' dir='ltr'>vitiosa</span> <span class='ocrx_word' id='word_1_239' title='bbox 787 2873 840 2915; x_wconf 91' lang='lat' dir='ltr'>res</span> <span class='ocrx_word' id='word_1_240' title='bbox 873 2855 1080 2936; x_wconf 90' lang='lat' dir='ltr'>appellatur;</span> 
     </span>
     <span class='ocr_line' id='line_1_31' title="bbox 62 2934 1081 3002; baseline -0.002 0"><span class='ocrx_word' id='word_1_241' title='bbox 62 2951 98 3002; x_wconf 90' lang='lat' dir='ltr'>ut</span> <span class='ocrx_word' id='word_1_242' title='bbox 124 2941 203 3001; x_wconf 83' lang='lat' dir='ltr'>cirm</span> <span class='ocrx_word' id='word_1_243' title='bbox 226 2938 401 3000; x_wconf 87' lang='lat' dir='ltr'>Africanus</span> <span class='ocrx_word' id='word_1_244' title='bbox 429 2934 544 2999; x_wconf 75' lang='lat' dir='ltr'>iensor</span> <span class='ocrx_word' id='word_1_245' title='bbox 573 2936 659 2998; x_wconf 89' lang='lat' dir='ltr'>tribu</span> <span class='ocrx_word' id='word_1_246' title='bbox 688 2938 843 3001; x_wconf 88' lang='lat' dir='ltr'>movebat</span> <span class='ocrx_word' id='word_1_247' title='bbox 872 2959 947 3001; x_wconf 90' lang='lat' dir='ltr'>eum</span> <span class='ocrx_word' id='word_1_248' title='bbox 970 2950 1081 3001; x_wconf 90' lang='lat' dir='ltr'>centu·</span> 
     </span>
     <span class='ocr_line' id='line_1_32' title="bbox 9 3020 1080 3102; baseline -0.003 -17"><span class='ocrx_word' id='word_1_249' title='bbox 9 3048 11 3071; x_wconf 57' lang='lat'>³</span> <span class='ocrx_word' id='word_1_250' title='bbox 62 3027 198 3094; x_wconf 73' lang='lat' dir='ltr'>nonem,</span> <span class='ocrx_word' id='word_1_251' title='bbox 221 3023 276 3102; x_wconf 87' lang='lat' dir='ltr'>qui</span> <span class='ocrx_word' id='word_1_252' title='bbox 301 3023 336 3082; x_wconf 92' lang='lat' dir='ltr'>in</span> <span class='ocrx_word' id='word_1_253' title='bbox 361 3020 456 3084; x_wconf 88' lang='lat' dir='ltr'>Pauli</span> <span class='ocrx_word' id='word_1_254' title='bbox 480 3021 589 3102; x_wconf 72' lang='lat' dir='ltr'>pugna</span> <span class='ocrx_word' id='word_1_255' title='bbox 611 3041 676 3082; x_wconf 93' lang='lat' dir='ltr'>non</span> <span class='ocrx_word' id='word_1_256' title='bbox 702 3021 853 3096; x_wconf 88' lang='lat' dir='ltr'>affuerat,</span> <span class='ocrx_word' id='word_1_257' title='bbox 869 3026 944 3085; x_wconf 78' lang='lat' dir='ltr'>oiim</span> <span class='ocrx_word' id='word_1_258' title='bbox 967 3023 1022 3083; x_wconf 88' lang='lat' dir='ltr'>ille</span> <span class='ocrx_word' id='word_1_259' title='bbox 1045 3042 1080 3082; x_wconf 90' lang='lat' dir='ltr'>se</span> 
     </span>
     <span class='ocr_line' id='line_1_33' title="bbox 63 3105 1081 3186; baseline -0.003 -17"><span class='ocrx_word' id='word_1_260' title='bbox 63 3107 222 3169; x_wconf 84' lang='lat' dir='ltr'>custodiae</span> <span class='ocrx_word' id='word_1_261' title='bbox 237 3107 337 3167; x_wconf 73' lang='lat' dir='ltr'>causa</span> <span class='ocrx_word' id='word_1_262' title='bbox 358 3105 481 3167; x_wconf 87' lang='lat' dir='ltr'>diceret</span> <span class='ocrx_word' id='word_1_263' title='bbox 503 3106 537 3165; x_wconf 94' lang='lat' dir='ltr'>in</span> <span class='ocrx_word' id='word_1_264' title='bbox 552 3106 668 3167; x_wconf 86' lang='lat' dir='ltr'>castris</span> <span class='ocrx_word' id='word_1_265' title='bbox 682 3109 886 3178; x_wconf 87' lang='lat' dir='ltr'>remansisse,</span> <span class='ocrx_word' id='word_1_266' title='bbox 909 3114 1081 3186; x_wconf 86' lang='lat' dir='ltr'>quaereret-</span> 
     </span>
     <span class='ocr_line' id='line_1_34' title="bbox 63 3187 1080 3272; baseline -0.005 -19"><span class='ocrx_word' id='word_1_267' title='bbox 63 3212 125 3272; x_wconf 89' lang='lat' dir='ltr'>que</span> <span class='ocrx_word' id='word_1_268' title='bbox 142 3211 202 3252; x_wconf 87' lang='lat' dir='ltr'>our</span> <span class='ocrx_word' id='word_1_269' title='bbox 217 3190 261 3250; x_wconf 86' lang='lat' dir='ltr'>ab</span> <span class='ocrx_word' id='word_1_270' title='bbox 277 3210 316 3250; x_wconf 91' lang='lat' dir='ltr'>eo</span> <span class='ocrx_word' id='word_1_271' title='bbox 338 3199 525 3261; x_wconf 85' lang='lat' dir='ltr'>notaretur3</span> <span class='ocrx_word' id='word_1_272' title='bbox 548 3187 623 3250; x_wconf 81' lang='lat' dir='ltr'>Non</span> <span class='ocrx_word' id='word_1_273' title='bbox 638 3210 716 3262; x_wconf 75' lang='lat' dir='ltr'>anto,</span> <span class='ocrx_word' id='word_1_274' title='bbox 738 3193 850 3269; x_wconf 86' lang='lat' dir='ltr'>inquit,</span> <span class='ocrx_word' id='word_1_275' title='bbox 865 3188 995 3250; x_wconf 74' lang='lat' dir='ltr'>nimium</span> <span class='ocrx_word' id='word_1_276' title='bbox 1009 3187 1080 3250; x_wconf 81' lang='lat' dir='ltr'>dili-</span> 
     </span>
     <span class='ocr_line' id='line_1_35' title="bbox 59 3274 554 3360; baseline -0.004 -25"><span class='ocrx_word' id='word_1_277' title='bbox 59 3285 179 3360; x_wconf 81' lang='lat' dir='ltr'>gentes.</span> <span class='ocrx_word' id='word_1_278' title='bbox 551 3274 554 3279; x_wconf 68' lang='grc'>’</span> 
     </span>
    </p>

    <p class='ocr_par' dir='ltr' id='par_1_5' title="bbox 104 3355 1081 3429">
     <span class='ocr_line' id='line_1_36' title="bbox 104 3355 1081 3429; baseline -0.004 -7"><span class='ocrx_word' id='word_1_279' title='bbox 104 3360 253 3422; x_wconf 87' lang='lat' dir='ltr'>Acutum</span> <span class='ocrx_word' id='word_1_280' title='bbox 264 3357 367 3419; x_wconf 89' lang='lat' dir='ltr'>etiam</span> <span class='ocrx_word' id='word_1_281' title='bbox 382 3356 463 3418; x_wconf 94' lang='lat' dir='ltr'>illud</span> <span class='ocrx_word' id='word_1_282' title='bbox 475 3367 533 3429; x_wconf 82' lang='lat' dir='ltr'>est,</span> <span class='ocrx_word' id='word_1_283' title='bbox 546 3359 620 3418; x_wconf 80' lang='lat' dir='ltr'>curn</span> <span class='ocrx_word' id='word_1_284' title='bbox 632 3375 673 3416; x_wconf 84' lang='lat' dir='ltr'>ex</span> <span class='ocrx_word' id='word_1_285' title='bbox 684 3355 819 3416; x_wconf 88' lang='lat' dir='ltr'>alterius</span> <span class='ocrx_word' id='word_1_286' title='bbox 831 3356 977 3416; x_wconf 88' lang='lat' dir='ltr'>oratione</span> <span class='ocrx_word' id='word_1_287' title='bbox 991 3355 1081 3418; x_wconf 86' lang='lat' dir='ltr'>aliud</span> 
     </span>
    </p>
   </div>
   <div class='ocr_carea' id='block_1_3' title="bbox 63 3438 1110 3857">
    <p class='ocr_par' dir='ltr' id='par_1_6' title="bbox 63 3438 1110 3857">
     <span class='ocr_line' id='line_1_37' title="bbox 63 3438 1081 3523; baseline -0.005 -16"><span class='ocrx_word' id='word_1_288' title='bbox 63 3444 219 3523; x_wconf 71' lang='lat' dir='ltr'>excipias</span> <span class='ocrx_word' id='word_1_289' title='bbox 242 3450 341 3520; x_wconf 89' lang='lat' dir='ltr'>atque</span> <span class='ocrx_word' id='word_1_290' title='bbox 365 3441 420 3503; x_wconf 91' lang='lat' dir='ltr'>ille</span> <span class='ocrx_word' id='word_1_291' title='bbox 436 3441 524 3512; x_wconf 91' lang='lat' dir='ltr'>vult;</span> <span class='ocrx_word' id='word_1_292' title='bbox 546 3449 583 3501; x_wconf 92' lang='lat' dir='ltr'>ut</span> <span class='ocrx_word' id='word_1_293' title='bbox 606 3439 783 3501; x_wconf 87' lang='lat' dir='ltr'>Salinatori</span> <span class='ocrx_word' id='word_1_294' title='bbox 807 3438 982 3511; x_wconf 73' lang='lat' dir='ltr'>Maximus</span> <span class='ocrx_word' id='word_1_295' title='bbox 998 3441 1081 3513; x_wconf 73' lang='lat' dir='ltr'>crim,</span> 
     </span>
     <span class='ocr_line' id='line_1_38' title="bbox 63 3522 1081 3597; baseline -0.006 -6"><span class='ocrx_word' id='word_1_296' title='bbox 63 3528 209 3590; x_wconf 84' lang='lat' dir='ltr'>Tarento</span> <span class='ocrx_word' id='word_1_297' title='bbox 225 3529 354 3597; x_wconf 85' lang='lat' dir='ltr'>amisso,</span> <span class='ocrx_word' id='word_1_298' title='bbox 369 3543 480 3587; x_wconf 87' lang='lat' dir='ltr'>arcem</span> <span class='ocrx_word' id='word_1_299' title='bbox 494 3535 607 3585; x_wconf 88' lang='lat' dir='ltr'>tamen</span> <span class='ocrx_word' id='word_1_300' title='bbox 624 3522 738 3583; x_wconf 83' lang='lat' dir='ltr'>Livius</span> <span class='ocrx_word' id='word_1_301' title='bbox 753 3525 948 3595; x_wconf 85' lang='lat' dir='ltr'>retinuisset,</span> <span class='ocrx_word' id='word_1_302' title='bbox 963 3524 1081 3587; x_wconf 88' lang='lat' dir='ltr'>multa·</span> 
     </span>
     <span class='ocr_line' id='line_1_39' title="bbox 63 3606 1081 3692; baseline -0.003 -19"><span class='ocrx_word' id='word_1_303' title='bbox 63 3634 125 3692; x_wconf 90' lang='lat' dir='ltr'>que</span> <span class='ocrx_word' id='word_1_304' title='bbox 142 3629 184 3671; x_wconf 87' lang='lat' dir='ltr'>ex</span> <span class='ocrx_word' id='word_1_305' title='bbox 200 3609 239 3669; x_wconf 75' lang='lat' dir='ltr'>eti</span> <span class='ocrx_word' id='word_1_306' title='bbox 262 3608 380 3689; x_wconf 87' lang='lat' dir='ltr'>proelia</span> <span class='ocrx_word' id='word_1_307' title='bbox 402 3608 562 3689; x_wconf 84' lang='lat' dir='ltr'>praeolara</span> <span class='ocrx_word' id='word_1_308' title='bbox 584 3606 733 3679; x_wconf 83' lang='lat' dir='ltr'>secisset3</span> <span class='ocrx_word' id='word_1_309' title='bbox 764 3610 837 3670; x_wconf 83' lang='lat' dir='ltr'>curn</span> <span class='ocrx_word' id='word_1_310' title='bbox 861 3608 985 3687; x_wconf 91' lang='lat' dir='ltr'>aliquot</span> <span class='ocrx_word' id='word_1_311' title='bbox 1008 3617 1081 3688; x_wconf 92' lang='lat' dir='ltr'>post</span> 
     </span>
     <span class='ocr_line' id='line_1_40' title="bbox 63 3692 1110 3773; baseline -0.006 -15"><span class='ocrx_word' id='word_1_312' title='bbox 63 3714 169 3758; x_wconf 90' lang='lat' dir='ltr'>annos</span> <span class='ocrx_word' id='word_1_313' title='bbox 185 3692 353 3755; x_wconf 87' lang='lat' dir='ltr'>Maximus</span> <span class='ocrx_word' id='word_1_314' title='bbox 368 3694 401 3754; x_wconf 93' lang='lat' dir='ltr'>id</span> <span class='ocrx_word' id='word_1_315' title='bbox 423 3692 577 3773; x_wconf 88' lang='lat' dir='ltr'>oppidum</span> <span class='ocrx_word' id='word_1_316' title='bbox 592 3692 777 3770; x_wconf 82' lang='lat' dir='ltr'>recepisset,</span> <span class='ocrx_word' id='word_1_317' title='bbox 791 3702 985 3771; x_wconf 89' lang='lat' dir='ltr'>rogaretque</span> <span class='ocrx_word' id='word_1_318' title='bbox 1004 3712 1078 3753; x_wconf 89' lang='lat' dir='ltr'>eum</span> <span class='ocrx_word' id='word_1_319' title='bbox 1105 3702 1110 3711; x_wconf 66' lang='lat'>‘</span> 
     </span>
     <span class='ocr_line' id='line_1_41' title="bbox 63 3774 1080 3857; baseline -0.005 -15"><span class='ocrx_word' id='word_1_320' title='bbox 63 3780 243 3848; x_wconf 86' lang='lat' dir='ltr'>Salinator,</span> <span class='ocrx_word' id='word_1_321' title='bbox 258 3787 296 3838; x_wconf 87' lang='lat' dir='ltr'>ut</span> <span class='ocrx_word' id='word_1_322' title='bbox 318 3778 529 3847; x_wconf 86' lang='lat' dir='ltr'>meminisset,</span> <span class='ocrx_word' id='word_1_323' title='bbox 544 3774 642 3857; x_wconf 74' lang='lat' dir='ltr'>operti</span> <span class='ocrx_word' id='word_1_324' title='bbox 660 3775 718 3837; x_wconf 71' lang='lat' dir='ltr'>sua</span> <span class='ocrx_word' id='word_1_325' title='bbox 733 3796 767 3841; x_wconf 90' lang='lat' dir='ltr'>se</span> <span class='ocrx_word' id='word_1_326' title='bbox 790 3776 970 3851; x_wconf 82' lang='lat' dir='ltr'>Tarentum</span> <span class='ocrx_word' id='word_1_327' title='bbox 992 3794 1080 3839; x_wconf 84' lang='lat' dir='ltr'>reee-</span> 
     </span>
    </p>
   </div>
   <div class='ocr_carea' id='block_1_4' title="bbox 0 0 1227 4286">
    <p class='ocr_par' dir='ltr' id='par_1_7' title="bbox 0 0 1227 4286">
     <span class='ocr_line' id='line_1_42' title="bbox 0 0 1227 4286; baseline 0 0"><span class='ocrx_word' id='word_1_328' title='bbox 0 0 1227 4286; x_wconf 95' lang='lat' dir='ltr'> </span> 
     </span>
    </p>
   </div>
  </div>
 </body>
</html>
