2434 4286
321 396 361 438 os
381 396 522 439 canrosa
544 394 633 438 cnm
652 396 813 440 moruus.
1012 383 1072 441 147

52 560 181 621 genere
206 562 384 605 causamm
407 562 480 623 quae
500 544 592 622 sequi
614 542 760 614 solerem,
774 562 846 623 quae
860 542 985 621 fugere,
1000 564 1073 624 quar

52 637 221 706 spectare,
236 629 363 706 quique
378 627 509 688 omnino
523 629 557 687 in
572 628 680 687 causis
695 629 821 691 ratione
835 630 969 690 versari.
978 658 991 690 e
1000 629 1072 692 Neo

52 709 137 770 illud
153 712 291 771 tertium
312 710 536 771 laudationum
556 728 661 787 genus
680 719 730 771 est
752 709 892 781 difficile
907 711 991 790 quod
1011 733 1073 791 ego

53 793 151 856 initio
167 795 262 873 quasi
280 813 301 854 a
315 795 486 874 praeceptis
500 794 617 855 nostris
631 811 856 855 secreveram:
872 795 936 866 sed,
948 808 981 857 et
995 800 1074 877 quia

53 877 166 938 multa
189 886 265 937 sunt
289 879 473 938 orationum
496 896 629 954 genera,
648 888 681 937 et
705 878 867 954 graviora,
888 888 920 938 et
939 883 1073 957 majoris

54 962 173 1039 copiae,
188 960 229 1020 de
244 959 361 1039 quibus
375 960 553 1021 nemo‘fere
568 961 767 1040 praeciperet,
782 971 815 1022 et
830 961 916 1040 qubd
930 983 989 1024 nos
1003 965 1071 1027 lau·

54 1042 249 1105 dationibus
263 1064 329 1105 non
346 1046 394 1104 ita
407 1044 545 1104 multum
566 1044 614 1103 uti
637 1044 787 1116 solemus,
802 1054 908 1106 totum
922 1045 1008 1108 hunc
1023 1068 1073 1110 se·

54 1126 244 1205 gregabam
267 1127 384 1188 locum.
428 1127 492 1206 Ipsi
516 1128 602 1187 enim
625 1125 740 1198 Graeci,
758 1128 865 1206 magis
887 1130 1025 1207 legendi,
1040 1142 1073 1195 et
1139 1152 1145 1162 ·

53 1209 297 1282 delectationis
321 1220 379 1271 aut
401 1209 539 1272 hominis
563 1209 701 1288 alicujus
716 1211 861 1281 ornandi,
875 1214 971 1291 quem
986 1216 1073 1277 utili·

54 1295 137 1354 tatis
162 1292 260 1372 hujus
283 1294 420 1354 forensis
441 1294 547 1363 causi,
563 1292 768 1354 laudationes
785 1296 1072 1374 scriptitaverunt3

54 1394 198 1453 quorum
210 1387 285 1437 sunt
300 1377 382 1449 libri,
392 1377 509 1455 quibus
523 1374 767 1447 Themistocles,
779 1376 947 1449 Aristides,
959 1380 1072 1458 Agesi-

54 1458 138 1531 laus,
163 1458 419 1540 Epaminondas,
439 1460 616 1541 Philippus,
636 1459 832 1531 Alexander,
851 1460 981 1540 aliique,
1003 1465 1073 1527 lau·

55 1541 198 1604 dantur:
222 1553 340 1604 nostrae
363 1544 577 1615 laudationes,
592 1543 709 1623 quibus
731 1544 766 1603 in
785 1542 854 1604 foro
868 1546 999 1618 utimur,
1014 1557 1072 1610 aut

55 1629 239 1688 testimonii
254 1627 450 1689 brevitatem
465 1627 588 1689 habent
611 1626 734 1688 nudam
757 1635 857 1706 atque
877 1629 1072 1703 inornatam,

56 1720 118 1771 aut
141 1710 329 1772 scribuntur
349 1710 391 1771 ad
410 1710 581 1774 funebrem
597 1711 794 1783 concionem,
809 1730 881 1790 quoe
896 1712 940 1773 ad
953 1716 1072 1775 oratio·

54 1794 108 1854 uis
123 1794 259 1855 laudem
273 1795 407 1855 minime
422 1793 671 1874 accommodata
685 1803 743 1854 est.
781 1793 846 1855 Sed
859 1804 981 1868 tamen,
995 1816 1072 1876 quo·

54 1879 150 1938 niam
174 1885 229 1938 est·
246 1877 402 1939 utendum
425 1877 857 1960 aliquandanonnunquam
872 1880 974 1941 etiam
995 1882 1071 1943 scri·

55 1960 212 2032 bendum,
226 1961 318 2022 velut
340 1961 374 2023 P.
391 1961 556 2022 Tuberoni
571 1960 765 2023 Africanum
781 1964 982 2025 avunculum
1001 1964 1071 2026 lau·

54 2043 151 2105 danti
167 2045 294 2125 scripsit
306 2044 341 2106 Ο.
355 2044 486 2117 Laelius,
496 2046 587 2106 velut
599 2053 726 2106 nosmet
740 2044 803 2127 ipsi
814 2046 950 2107 ornandi
962 2049 1070 2122 causi,

54 2127 248 2189 Graecorum
263 2146 362 2199 more,
377 2131 405 2190 si
419 2148 499 2209 quos
513 2129 662 2200 velimus,
676 2128 813 2191 laudare
827 2130 1006 2210 possimus,
1029 2134 1071 2195 sit

54 2231 77 2271 a
89 2211 189 2272 nobis
204 2231 331 2291 quoque
346 2222 507 2273 tractatus
522 2215 550 2273 is
564 2212 664 2274 locus.

54 2354 62 2369 ,
98 2293 314 2374 Perspicuum
337 2305 387 2356 est
409 2297 518 2374 igitur,
536 2296 604 2357 alia
621 2315 691 2358 esse
714 2298 749 2359 in
765 2296 895 2359 homine
916 2298 1069 2380 optanda,

55 2378 128 2439 alia
143 2379 320 2440 laudanda.
348 2378 469 2451 Genus,
486 2380 601 2451 forma,
616 2382 711 2451 vires,
725 2400 813 2462 epea,
828 2381 960 2454 divitia,
976 2391 1070 2444 caete·

53 2480 160 2541 raque
175 2481 248 2541 quae
262 2462 394 2523 fortuna
408 2462 465 2523 dat
487 2473 545 2524 aut
565 2465 767 2607 exff'nsecus
782 2474 840 2524 aut
855 2465 990 2544 corpori,
1005 2486 1070 2528 non

53 2543 182 2607 habent
196 2547 230 2606 in
245 2565 280 2607 se
295 2565 408 2608 veram
423 2545 575 2618 laudem;
596 2566 618 2625 q
640 2567 669 2608 ae
684 2545 795 2609 deberi
809 2548 924 2606 virtuti
939 2549 997 2608 uni
1013 2568 1069 2629 pu·

53 2638 167 2690 tatur:
189 2628 246 2689 sed
260 2640 381 2700 tamen,
396 2629 479 2708 quod
494 2632 567 2711 ipsa
582 2632 686 2691 virtus
706 2633 741 2691 in
756 2647 870 2690 earum
884 2648 993 2692 rerum
1007 2651 1070 2694 usu

53 2731 96 2773 ac
120 2711 343 2773 moderatione
369 2714 511 2774 maxime
535 2716 687 2784 cernitur,
709 2711 884 2774 tractanda
908 2714 1010 2775 etiam
1035 2715 1070 2777 in

54 2794 301 2856 laudationibus
315 2795 385 2858 haec
400 2804 475 2857 sunt
490 2806 616 2858 naturae
631 2808 665 2858 et
679 2796 817 2858 fortunar
828 2796 934 2867 bona;
953 2797 987 2858 in
1001 2799 1069 2878 qui·
1124 2790 1130 2807 ’

53 2878 118 2940 bus
141 2888 192 2940 est
215 2897 343 2941 summa
362 2879 444 2951 laus,
464 2899 528 2941 non
551 2881 705 2943 extulisse
720 2899 755 2942 se
769 2881 804 2942 in
817 2889 989 2962 potestate,
1004 2901 1069 2944 non

53 2960 157 3023 fuisse
187 2964 380 3024 insolentem
404 2965 439 3024 in
464 2965 612 3044 pecunia,
637 2983 702 3025 non
728 2983 762 3026 se
788 2965 968 3045 praetulisse
995 2965 1070 3027 aliis

54 3054 191 3127 propter
213 3046 451 3109 abundantiam
473 3045 633 3120 fortunae3
655 3058 691 3110 ut
714 3068 793 3129 opes
818 3057 852 3110 et
877 3049 980 3128 sopire
1004 3068 1069 3111 non

55 3129 219 3210 superbiae
235 3129 407 3191 videantur
421 3150 462 3192 ac
482 3130 617 3200 libidini,
631 3131 689 3193 sed
703 3131 841 3193 bonitati
861 3151 902 3193 ac
921 3130 1068 3194 modera-

54 3214 148 3283 tioni,
163 3212 356 3275 facultatem
372 3223 405 3275 et
419 3216 592 3276 materiam
606 3213 742 3277 dedisse.

99 3295 214 3358 Virtus
230 3306 351 3367 autem,
366 3317 439 3377 quae
460 3306 510 3359 est
533 3318 640 3378 perse
656 3300 728 3376 ipsa
742 3295 927 3369 laudabilis,
942 3306 975 3360 et
998 3299 1070 3360 sine

56 3381 121 3460 qud
144 3380 226 3442 nihil
250 3380 378 3443 laudari
401 3390 517 3462 potest,
540 3391 652 3442 tamen
678 3378 778 3442 habet
801 3381 912 3461 plures
936 3391 1068 3461 partes;

57 3482 198 3543 quarum
214 3465 346 3526 aliaest
361 3465 482 3526 elidad
497 3464 721 3526 laudationem
736 3464 852 3544 aptior.
882 3463 966 3527 Sunt
981 3467 1069 3528 enim

57 3547 133 3610 aliae
157 3550 305 3620 virtutes,
329 3568 403 3629 quae
427 3548 579 3610 videntur
603 3549 638 3609 iu
662 3546 807 3609 moribus
833 3547 1010 3619 hominum,
1035 3556 1069 3610 et

57 3631 198 3712 quidam
213 3633 368 3694 comitate
384 3652 425 3694 ac
446 3630 670 3703 beneficentia,
689 3632 819 3711 positae3
841 3632 925 3703 alise,
939 3650 1012 3710 quae
1034 3632 1069 3692 in

57 3716 182 3794 ingenii
196 3716 306 3796 aliqud
319 3715 489 3787 facultate,
504 3723 563 3776 aut
585 3715 687 3776 animi
707 3713 932 3792 magnitudine
956 3733 997 3774 ac
1019 3731 1068 3773 ro·

59 3798 144 3862 bora
188 3798 278 3862 Nam
300 3799 489 3870 clementia,
503 3799 642 3876 iustitia,
661 3798 856 3877 benignitas,
875 3795 966 3865 fides,
980 3794 1068 3854 forti·
