2434 4286
133 287 229 401 118ο
391 356 430 397 us
451 355 593 397 oraronn
613 355 703 397 nunu
723 354 886 401 amamus.

129 502 328 569 motionibus
343 501 514 566 inferenda
528 512 613 575 sunt,
628 511 666 565 ut
680 502 756 565 odio
770 503 1012 577 benevolentia,
1026 506 1146 569 misen

130 589 240 654 cordio
255 588 390 658 invidia,
402 589 548 650 tollatur.
751 578 756 596 ⁶

174 673 257 736 LIV.
281 672 403 734 Suavis
432 684 545 734 autem
570 680 629 744 ost,
653 683 686 734 et
712 671 925 735 vehementer
950 675 1036 754 saepe
1062 676 1162 738 utilis

70 711 123 823 ‘i'
130 762 236 840 jocus,
261 768 295 820 et
316 757 468 830 saoetiae3
490 778 572 836 quae,
595 759 725 818 etiamsi
748 758 816 818 alia
838 760 950 819 omnia
972 758 1058 821 tradi
1080 770 1161 824 arte

130 854 277 927 possunt,
291 852 420 904 naturae
434 853 510 903 sunt
525 843 657 924 propria
678 843 777 915 certe,
792 861 897 923 neque
919 843 1025 905 ullam
1046 854 1162 907 artem

131 929 328 992 desiderant.
373 926 553 1006 inquibus
582 936 619 988 tu
644 927 741 1004 longe
772 927 856 999 aisis,
882 928 956 989 mei
980 932 1161 1002 sententia,
1203 962 1204 965 ¹

131 1013 243 1076 Oaesar
258 1011 392 1074 excellis
406 1034 414 1084 ;
437 1010 500 1092 quo
515 1010 621 1090 magis
636 1011 715 1073 mihi
731 1013 834 1074 etiam
849 1014 942 1074 testis
962 1031 1035 1095 esse
1049 1024 1161 1094 putea,

133 1107 191 1160 aut
206 1098 332 1158 nullam
347 1116 418 1157 esse
431 1106 536 1158 artem
548 1098 647 1167 salis3
670 1105 739 1169 aut,
755 1098 782 1158 si
797 1116 864 1175 qua
879 1105 938 1167 eat,
953 1116 1029 1158 eam
1045 1100 1107 1160 nos
1119 1109 1162 1162 tu

131 1184 337 1265 potissimum
353 1180 494 1242 docebis.
539 1179 612 1259 Ego
634 1180 723 1253 vero,
745 1183 850 1260 inquit
865 1176 989 1253 Oaesar,
1001 1185 1089 1245 omni
1115 1184 1161 1246 de

12 1310 13 1315 κ
58 1328 64 1347 ‚
89 1318 95 1329 .
132 1287 166 1330 re
184 1266 418 1345 facetiusputo
435 1285 528 1346 posse
553 1265 596 1327 ab
620 1263 750 1327 homine
773 1286 838 1326 non
860 1264 1032 1338 inurbane,
1054 1269 1161 1347 quaint

12 1376 27 1393 ἰ
41 1342 102 1411 onii
118 1351 173 1414 «do
188 1353 269 1431 ipsis
291 1349 432 1421 facetiis,
447 1350 618 1430 disputari.
664 1349 788 1430 Itaque,
803 1351 878 1412 oum
890 1349 1048 1429 quosdam
1064 1351 1162 1415 Gree-

133 1457 188 1498 oos
204 1436 378 1514 inscriptos
394 1434 493 1496 libros
509 1454 581 1495 esse
597 1431 751 1496 vidissem
774 1434 814 1496 de
836 1434 993 1504 ridiculis,
1015 1439 1161 1499 nonnul.-
1203 1434 1204 1449 ³

132 1522 202 1584 lam
224 1522 257 1582 in
280 1538 370 1598 spem
399 1539 565 1589 veneram,
590 1538 683 1600 posse
707 1539 759 1580 me
783 1519 906 1599 aliquid
929 1540 970 1581 ex
992 1521 1064 1582 istis
1090 1521 1160 1584 citis·
1203 1548 1204 1553 ¹

133 1625 218 1668 cere.
263 1605 376 1666 inveni
393 1615 507 1666 autem
522 1604 661 1666 ridicula
676 1611 709 1665 et
724 1603 814 1664 salsa
828 1604 933 1666 multa
947 1603 1161 1680 Graeoorum3

132 1711 212 1752 nam
234 1699 268 1751 et
291 1688 395 1751 Siculi
410 1689 444 1750 in
459 1709 498 1750 eo
513 1709 644 1766 genere,
666 1697 700 1750 et
721 1687 849 1759 Rhodii,
871 1697 905 1749 et
926 1688 1088 1770 Byzantii,
1115 1701 1162 1765 et,

133 1784 253 1857 prater
268 1782 414 1845 eaeteroS,
437 1773 540 1836 Attici
563 1773 749 1835 excellunt:
772 1772 839 1845 sed,
860 1775 917 1853 qui
939 1776 1010 1852 ejus
1033 1777 1082 1837 rei
1106 1796 1162 1837 ra-

133 1862 257 1922 tionem
272 1858 440 1938 quandam
462 1859 572 1920 eonati
594 1867 671 1920 sunt
693 1866 864 1936 artemque
887 1858 1027 1930 tradere,
1043 1862 1091 1932 sie
1109 1861 1161 1922 in-

133 1946 214 2006 sulsi
229 1945 417 2015 extiterunt,
433 1951 469 2003 ut
484 1943 565 2004 nihil
581 1942 672 2005 aliud
683 1962 805 2013 eorum,
817 1944 880 2004 nisi
892 1943 964 2023 ipsa
976 1944 1161 2019 insulsitas
1203 1968 1204 2039 t

134 2029 287 2090 rideatur.
333 2028 447 2104 Quare
463 2027 544 2088 mihi
558 2027 690 2106 quidem
704 2027 795 2088 nullo
809 2026 940 2089 videtur
961 2028 1057 2090 modo
1081 2029 1161 2092 doo-
1203 2052 1204 2107 t

134 2114 219 2176 trini
233 2115 298 2174 ista
312 2133 365 2174 res
381 2131 474 2192 posse
491 2111 587 2173 tradi.
632 2111 766 2175 Etenim
780 2112 855 2183 oum
871 2112 935 2173 duo
950 2132 1076 2191 genera
1091 2116 1162 2177 sint
1203 2124 1204 2151 ¹

134 2198 343 2283 facetiarum,
351 2198 421 2283 alte
440 2215 494 2257 um
511 2197 716 2276 aequabiliter
728 2198 762 2258 in
773 2198 862 2258 omni
874 2216 1022 2259 sermone
1035 2197 1161 2272 fusum,

135 2284 275 2344 altorum
293 2217 487 2362 pimenium
509 2289 543 2342 et
563 2281 687 2354 breve3
713 2281 772 2343 illa
787 2301 809 2341 a
823 2281 992 2343 veteribus
1008 2286 1162 2371 superior
1203 2330 1204 2335 η

129 2366 314 2437 'cauillatia
341 2365 410 2426 haeo
436 2366 542 2426 altera
567 2365 736 2436 dioaoitaS,
761 2367 934 2428 nominata
959 2375 1018 2427 est.
1037 2367 1160 2457 tLeve

35 2430 75 2545 O
134 2471 254 2514 nomen
269 2450 370 2512 habet
385 2459 525 2530 utraque
541 2470 611 2521 res3
634 2451 753 2530 quippe
769 2451 844 2511 leve
867 2452 956 2513 enim
977 2459 1027 2512 est
1048 2460 1161 2516 totum

134 2535 205 2608 hoo,
235 2537 336 2597 risum
366 2533 534 2607 movere.)
554 2534 793 2596 Verumtamen
817 2537 866 2614 (ut
895 2535 995 2615 dicis,
1008 2536 1187 2625 ‚Antoni).,

133 2622 276 2683 multum
290 2623 325 2682 in
340 2621 450 2681 causis
465 2619 611 2700 persaepe
626 2620 738 2701 lepore
753 2629 787 2681 et
802 2619 932 2682 facetiis
946 2620 1061 2701 profici
1077 2612 1204 2684 trit?

134 2705 209 2778 Sed,
225 2707 301 2768 eum
316 2707 350 2766 in
364 2706 422 2766 illo
438 2724 558 2782 genere
573 2712 742 2785 perpetuae
758 2703 947 2766 festivitatis
959 2724 1089 2767 aranon
1102 2707 1160 2769 de-

134 2790 297 2852 sideretur
314 2790 449 2870 (natura
474 2790 562 2850 enirn
585 2788 681 2866 fingit
704 2786 852 2850 homines
875 2797 910 2850 et
933 2797 1024 2850 creat
1048 2791 1160 2853 imita·
1203 2840 1204 2843 η

133 2885 222 2937 tores
237 2884 270 2936 et
286 2883 475 2935 narratores
490 2873 625 2945 facetos,
640 2881 674 2934 et
689 2874 785 2936 vultu
801 2873 991 2953 adjuvante,
1007 2882 1040 2935 et
1063 2896 1160 2948 voee,

135 2968 168 3021 et
180 2961 252 3039 ipso
267 2978 393 3036 genere
403 2957 574 3037 sermonis)
588 2981 595 3029 3
618 2967 688 3019 tum
704 2957 783 3019 vero
805 2959 839 3018 in
862 2958 923 3021 hoe
947 2958 1051 3020 altero
1067 2960 1160 3022 diea-

62 3012 114 3067 ‘tm
138 3028 152 3047 st

55 3068 73 3129 ,r
134 3045 254 3113 nitatis
269 3042 346 3122 quid
361 3041 462 3103 habet
478 3062 531 3102 ars
547 3042 619 3114 loci,
633 3044 709 3104 oum
725 3042 802 3103 ante
826 3043 907 3104 illud
929 3042 1075 3104 facetum
1090 3044 1159 3108 dio-

134 3139 207 3191 tum
232 3129 388 3189 emissum
417 3125 540 3187 haerere
567 3125 687 3188 debeat
716 3128 813 3207 quarn
843 3129 981 3206 eogitari
1009 3131 1159 3208 potuisse

134 3208 309 3275 videatur?
328 3232 334 3239 ²
355 3210 444 3287 Quid
460 3212 548 3272 enim
564 3210 617 3272 hie
632 3230 726 3272 meus
741 3211 843 3273 frater
857 3213 901 3273 ab
917 3222 988 3274 arte
1001 3212 1160 3278 ad'uvari

134 3299 250 3379 potuit,
261 3298 336 3359 oirm
348 3317 370 3356 a
381 3295 541 3377 Philippo,
551 3296 782 3375 interrogatus,
791 3295 869 3374 quid
880 3297 1028 3368 latraret,
1034 3233 1159 3393 durem

134 3403 167 3442 se
182 3378 303 3526 vider?
318 3378 506 3461 respondit?
551 3378 641 3456 Quid
665 3381 699 3442 in
723 3382 812 3442 omni
836 3382 984 3443 oratione
1008 3381 1159 3458 Crassus

134 3465 188 3528 vel
205 3485 271 3546 apu
308 3466 529 3526 centumviros
544 3473 659 3527 eontra
674 3465 868 3536 Soaevolam,
891 3467 946 3527 vel
971 3476 1087 3528 eontra
1102 3487 1157 3530 ac-

135 3559 321 3612 cusatorem
336 3547 483 3620 Brutum,
499 3550 647 3629 cumpro
662 3548 719 3610 Gn.
737 3548 860 3612 Planco
875 3549 1021 3613 diceret?
1065 3549 1099 3612 N
1100 3572 1158 3615 am

134 3633 176 3705 id,
192 3633 277 3711 quod
292 3645 329 3695 tu
344 3632 424 3694 mihi
439 3633 564 3706 tribuis
580 3634 712 3705 Antoni,
724 3633 842 3695 Crasso
854 3644 913 3707 est,
924 3637 1071 3697 omnium
1083 3656 1157 3700 sen·

134 3718 247 3784 tentia,
263 3715 528 3792 eoncedendum:
550 3719 720 3779 nonenim
742 3718 810 3780 fere
826 3722 999 3799 quisquam
1014 3723 1157 3802 reperie·
1203 3782 1204 3785 ,

134 3808 198 3872 tur,
212 3809 331 3880 praeter
346 3800 442 3873 huno,
457 3803 492 3863 in
506 3809 643 3882 utroque
659 3822 779 3882 genere
794 3804 916 3886 leporis
931 3804 1107 3880 excellens,
1121 3817 1158 3872 et

951 3920 1083 4005 all¹10¹

959 4006 964 4015 ι

971 4068 975 4081 V
