2444 4276
350 396 389 438 nn
411 396 552 438 oneronn
573 397 662 439 mun
682 396 818 443 rnnrrue.
1032 380 1095 440 195

71 556 131 620 est,
152 554 201 619 ut,
224 541 322 607 Mare
344 542 524 626 samfrugu
544 543 661 613 undis;
688 563 795 624 neque
816 545 1025 617 translatum,
1046 554 1093 617 ut,

11 670 12 707 3
70 629 224 694 Mollitur
248 649 355 699 mare;
386 629 453 700 sed,
476 628 613 691 ornandi
639 629 739 690 causi
767 630 934 710 proprium
963 631 1093 712 proprio

10 788 11 795 ἵ
71 723 328 778 eommutatumt
351 710 477 786 Desine,
492 711 602 784 Romu,
617 722 684 773 tuos
704 712 822 775 hostes:
845 723 887 787 et,
906 711 1009 776 Testes
1021 723 1094 775 eunt

71 799 176 881 rumpi
198 796 317 876 magni.
361 794 483 859 Gravis
498 806 548 860 est
569 795 685 859 modus
699 798 734 858 in
754 807 874 860 ornatu
889 799 1046 860 orationis
1060 808 1094 860 et

72 885 159 964 saepe
175 880 372 944 sumendus:
395 902 515 960 exque
536 901 657 960 genere
673 880 744 945 haee
759 890 844 955 sunt,
867 880 1004 944 Martem
1024 881 1095 944 belli

71 989 138 1029 esse
152 986 365 1035 communem;
392 965 536 1026 Cererem
551 976 610 1048 pro
624 965 793 1044 frugibus3
816 965 962 1028 Libemim
982 967 1093 1048 appel·

71 1053 142 1115 lare
158 1070 220 1132 pro
235 1051 331 1122 vin03
354 1047 535 1131 Neptunum
549 1071 609 1132 pro
625 1053 727 1122 mari3
750 1051 871 1112 curium
886 1071 944 1133 pro
956 1060 1093 1123 senatu3

70 1156 217 1218 eampum
229 1154 287 1214 pro
299 1134 439 1195 comitiis
451 1157 460 1206 ;
482 1143 587 1217 tegam
602 1154 661 1216 pro
675 1155 759 1217 paee
771 1158 780 1208 ;
802 1155 891 1195 nima
907 1155 947 1197 ee
960 1135 1020 1197 tela
1035 1156 1094 1217 pro

65 1216 183 1283 ‘bellot
206 1238 270 1298 quo
286 1219 365 1280 item
379 1219 414 1279 in
435 1238 556 1296 genere
573 1227 606 1280 et
628 1221 765 1282 virtutes
781 1228 814 1281 et
829 1220 921 1290 vitia,
936 1239 994 1300 pro
1015 1221 1094 1302 ipsis

71 1302 242 1384 inquibus
265 1302 324 1363 illa
347 1311 431 1374 sunt,
447 1303 676 1384 appellentur-3
699 1301 857 1364 Luxuries
871 1322 971 1383 quam
992 1305 1026 1365 in
1040 1303 1094 1365 do·

70 1408 165 1450 mum
181 1388 308 1467 irrupit,
323 1396 366 1458 et,
380 1385 458 1461 Qun
471 1387 611 1448 auaritia
626 1389 829 1470 penetravit:
853 1395 911 1448 aut
926 1384 1023 1447 Fides
1038 1407 1094 1447 va-

72 1472 145 1545 luit,
167 1469 299 1532 Jurtitin
322 1469 471 1533 confecit.
516 1470 644 1533 Videtis
667 1470 813 1553 profecti>
835 1491 939 1549 genus
961 1469 1022 1532 hoe
1047 1478 1094 1531 to·

72 1566 154 1629 tum,
170 1575 247 1617 eum
262 1555 382 1616 inflexo
397 1564 662 1636 commutetoque
678 1555 779 1617 verbo
794 1575 846 1616 res
862 1555 979 1617 eadem
994 1575 1094 1616 enun-

71 1643 179 1702 tiatur
204 1641 370 1701 ornatius:
400 1642 454 1700 eui
480 1649 555 1701 sunt
584 1640 725 1702 finitima
754 1640 813 1701 illa
837 1641 944 1702 minus
970 1648 1095 1708 ornata,

72 1724 131 1785 sed
157 1733 271 1786 tamen
293 1743 359 1785 non
385 1724 575 1802 ignoranda,
599 1725 674 1786 edm
697 1724 837 1802 intelligi
859 1725 1011 1787 volumus
1037 1723 1095 1783 uli·

71 1807 163 1889 quid,
186 1816 245 1869 aut
259 1828 301 1870 ex
316 1817 410 1888 parte
425 1818 541 1879 totum,
556 1816 602 1880 nt,
616 1828 675 1888 pro
691 1807 846 1881 edificiis,
866 1809 941 1870 niun
957 1805 1096 1889 parietes

72 1901 133 1954 aut
159 1902 238 1953 tectu
260 1893 418 1954 dicimus:
444 1902 503 1954 aut
526 1912 567 1955 ex
590 1901 658 1954 toto
681 1900 820 1974 partem,
835 1901 881 1965 ut,
896 1892 971 1954 clun
994 1910 1096 1952 unam

70 1986 222 2039 turmam
242 1976 411 2058 equitatum
428 1975 541 2060 pepuli
555 1975 693 2039 Romani
707 1977 863 2038 dicimus:
885 1985 945 2039 aut
969 1994 1010 2038 ex
1028 1993 1095 2036 uno

71 2062 199 2144 plnreS,

182 2214 221 2266 At
233 2214 367 2267 Romanus
379 2214 461 2277 homo,
474 2222 561 2267 tamen
572 2215 622 2267 etei
633 2233 676 2269 res
688 2215 750 2268 beni
758 2221 837 2285 gestu
847 2221 896 2281 est,

185 2299 271 2352 Corde
283 2317 331 2352 suo
344 2300 474 2369 trepidat:

73 2448 137 2502 ant
153 2439 228 2500 cum
243 2438 447 2519 expluribus
462 2438 659 2516 intelligitur
673 2456 785 2509 unum,

184 2589 242 2643 Noe
254 2590 338 2642 sumu’
352 2589 474 2652 Romani,
486 2589 531 2659 qui
535 2587 657 2657 summus
669 2588 730 2640 nuti
742 2584 861 2649 Rudini,-

74 2746 137 2799 aut
153 2754 345 2815 quoeunque
357 2724 463 2807 modoss
474 2754 538 2797 non
553 2743 590 2797 ut
605 2734 729 2797 dietum
740 2742 800 2807 est,
811 2736 846 2796 in
861 2754 901 2795 eo
915 2752 1036 2812 genere
1051 2735 1097 2797 in·

73 2821 246 2898 telligitur,
261 2819 317 2882 sed
333 2830 370 2882 nt
385 2839 516 2881 sensum
532 2829 590 2883 est.

120 2902 234 2968 XLIII.
257 2904 434 2967 Abutimur
456 2905 542 2984 saepe
557 2906 660 2966 etiam
673 2902 774 2966 verbo
789 2923 855 2965 non
875 2913 946 2965 tam
966 2901 1098 2982 elegan-

75 2999 139 3062 ter,
155 2991 252 3068 quum
266 2990 299 3050 in
314 2987 559 3061 transferend03
581 2988 755 3051 sedetiam
770 2989 798 3049 si
813 2989 973 3061 licentius,
984 2996 1098 3051 tamen

75 3073 242 3137 interdum
265 3092 329 3135 non
353 3072 579 3154 impudenter:
601 3074 727 3135 nterim
748 3073 906 3156 grandem
928 3072 1099 3135 orationem

76 3178 139 3241 pro
154 3157 259 3235 longi,
269 3158 423 3219 minutum
433 3156 572 3219 animum
582 3178 641 3240 pro
655 3178 768 3239 parvo,
783 3156 931 3220 dicimus.
975 3157 1099 3218 Verum

76 3243 139 3306 illa
153 3242 313 3303 videtisne
329 3262 401 3305 esse
421 3262 486 3304 non
501 3242 603 3315 verbi,
618 3242 675 3303 sed
696 3243 863 3314 orationiS,
878 3261 950 3321 quae
966 3262 1006 3303 ex
1027 3241 1098 3321 plu-

77 3326 171 3390 ribus
187 3327 236 3406 (nt
252 3327 401 3408 exposui)
416 3327 685 3388 translationibus
707 3345 857 3387 connexa
871 3323 971 3387 suntl
1015 3324 1100 3388 Haee

78 3419 292 3489 auremque
314 3420 373 3473 aut
394 3413 571 3474 immutata
595 3430 665 3470 esse
688 3409 766 3479 dixi,
781 3418 839 3471 eut
863 3410 959 3471 aliter
981 3410 1105 3472 intelli-¹

79 3496 199 3575 gemla,
214 3514 254 3557 ae
269 3494 465 3569 dicerentur,
475 3502 551 3556 sunt
564 3494 729 3556 translata
743 3493 885 3573 quodem
899 3493 1004 3556 modo.
1047 3493 1099 3556 Ita

79 3581 128 3650 fit,
153 3589 190 3641 ut
215 3581 320 3642 omnis
344 3581 546 3659 singulorum
570 3578 747 3640 verborum
768 3579 874 3641 virtus
897 3590 996 3658 etque
1024 3577 1099 3639 laus

79 3664 186 3727 tribus
211 3666 348 3728 exsistat
369 3685 410 3738 ex
432 3664 547 3727 rebus:
570 3664 598 3725 si
620 3672 679 3725 eut
700 3672 867 3726 vetustum
890 3661 1028 3725 verbum
1047 3661 1099 3732 sit,

80 3749 168 3831 qnod
185 3757 303 3812 tamen
326 3749 527 3813 consuetudo
549 3747 634 3811 ferre
659 3748 783 3830 possit;
813 3756 872 3809 aut
893 3745 1019 3808 suetum.
1043 3743 1098 3805 vel

81 3834 321 3912 conjunctione,
335 3834 389 3896 vel
408 3835 566 3906 novitate,
580 3833 614 3894 in
628 3852 693 3912 quo
714 3835 795 3894 item
809 3840 859 3892 est
875 3828 1011 3890 aurihuz
1023 3846 1098 3889 enn-
