2444 4276
475 385 684 428 noras—ms.
707 387 749 428 111.
1057 375 1122 435 245

97 530 227 583 distinctio
238 530 362 582 massada
372 537 416 581 est.
450 531 574 582 Postremo
586 539 788 597 argumentorum
802 540 993 600 murorumque
1010 533 1122 587 omnium

97 615 251 682 digerendus
262 623 301 666 est
312 618 378 666 ordo.

133 700 340 764 Continuotioue]
376 701 537 755 Continentia
549 703 677 754 verborum
687 710 727 754 est
737 702 856 767 periodus.

132 784 194 835 Non
204 786 278 835 ooldc
286 787 418 851 productis
428 786 471 848 iis]
505 786 564 838 Non
575 787 696 852 allegoriis
707 788 862 853 longioribus.

133 869 202 919 Soet.
214 871 254 918 14.
279 870 344 925 Cum
354 870 470 921 clionee
481 873 597 935 agamus]
631 872 727 921 Irouioe
739 874 841 922 dictum.

524 1016 584 1065 Car.
596 1015 699 1065 14—24.

133 1129 279 1193 Antequam
295 1137 381 1180 tamen
392 1130 498 1181 Crassus
511 1131 540 1180 de
552 1139 643 1180 ornatu
659 1130 813 1195 expositums
825 1138 870 1188 est,
881 1131 908 1181 in
919 1148 966 1194 quo
977 1132 1121 1184 omniafere

99 1196 131 1244 sit
143 1197 286 1257 eloquentie
298 1198 362 1251 laus,
374 1203 409 1252 ut,
421 1213 496 1260 quam
508 1213 637 1258 porsonam
650 1204 752 1245 teneant
764 1204 808 1245 aut
819 1199 876 1260 quid
888 1198 1056 1261 profiteantur,
1068 1215 1122 1248 ora.

99 1268 175 1316 tores,
183 1260 271 1310 melius
283 1260 441 1325 intelligatur,
453 1263 566 1323 quiedam
577 1263 606 1310 de
618 1262 760 1323 eloquentius
772 1262 796 1312 vi
809 1268 989 1326 atquenaturt,
1002 1266 1032 1312 de
1044 1263 1121 1327 ipsius

99 1325 195 1390 origine
213 1342 243 1373 ac
263 1326 336 1374 laude
353 1327 478 1388 premittit
498 1327 565 1389 eique
582 1326 764 1391 adjungendam
775 1343 826 1375 esse
842 1329 913 1376 docet
933 1328 1121 1390 philosophiam,

100 1405 152 1438 non
165 1390 313 1454 Epicuream
326 1392 424 1453 quidem
436 1408 482 1442 nec
500 1392 618 1449 Stoicam,
630 1394 673 1440 sed
690 1392 871 1441 Academicum
883 1399 907 1441 et
923 1391 1122 1455 Peripateticum

100 1455 171 1504 Tum
183 1463 303 1505 monstrat
318 1458 393 1511 viam,
405 1472 479 1518 quam
491 1457 516 1506 in
534 1458 581 1506 hac
594 1464 646 1505 arte
661 1459 791 1506 tractanda
804 1457 927 1522 ingressus
939 1458 986 1518 sit3
1003 1465 1028 1507 et
1038 1466 1122 1507 osten·

101 1520 145 1579 dit,
159 1536 213 1584 quoa
231 1522 296 1570 hanc
309 1522 339 1569 ob
351 1537 452 1570 causam
465 1540 480 1571 a
490 1539 516 1570 se
529 1524 665 1584 exspectari
684 1523 779 1583 possint
791 1523 821 1571 de
833 1531 884 1572 arte
896 1523 993 1571 dicendi
1010 1522 1121 1586 praecipi·

101 1593 176 1647 ente;
193 1592 227 1643 et,
235 1588 356 1649 quomodo
368 1603 414 1635 sua
426 1586 500 1650 ipsius
511 1588 604 1635 monita
613 1595 638 1635 et
650 1586 791 1649 praescripta
804 1586 906 1653 intelligi
919 1594 944 1635 et
956 1587 1037 1651 accipi
1047 1589 1121 1636 debe·

101 1658 154 1708 ant,
167 1652 253 1714 quippe
264 1653 304 1712 qui
315 1653 434 1700 rationem
446 1652 588 1714 eloquentie
605 1653 724 1701 illustrare
734 1652 825 1707 valeat,
837 1668 916 1714 neque
929 1658 1013 1701 tamen
1024 1653 1057 1701 sit
1070 1653 1123 1715 ipss

101 1731 217 1765 summus
227 1723 313 1764 orator.
346 1716 483 1766 Confitetur
494 1726 586 1772 tameo,
599 1733 674 1780 quum
693 1716 831 1779 reipublice
843 1732 915 1766 suam
932 1717 1052 1768 dicaverit
1064 1733 1122 1780 ope·

101 1796 165 1838 ram,
174 1782 200 1829 in
212 1781 259 1829 hac
271 1798 297 1830 re
307 1797 334 1829 se
343 1797 409 1830 more
420 1798 513 1839 eorum,
521 1781 563 1844 qui
575 1782 721 1830 rhetoricam
730 1790 808 1830 artem
819 1781 986 1845 profiteantur,
994 1798 1044 1831 uon
1053 1799 1123 1844 posse

102 1845 203 1897 versari.
236 1845 355 1903 Denique,
367 1863 415 1910 quo
427 1855 545 1909 apparatu
561 1853 586 1894 et
602 1848 688 1909 quibus
705 1846 784 1903 rebus,
797 1846 818 1893 si
834 1849 888 1908 quis
905 1848 1007 1895 oratoris
1023 1848 1123 1897 laudem

102 1911 147 1960 sthi
161 1926 245 1974 parere
256 1911 323 1968 volit,
334 1927 395 1973 opus
408 1911 440 1960 sit
451 1920 476 1960 et
490 1913 609 1973 quomodo
621 1913 676 1958 hoec
688 1910 829 1959 necessario
841 1912 1009 1960 instrumenta
1023 1911 1123 1975 juvenis

102 1975 242 2031 Romanus,
254 1984 334 2025 orator
344 1979 449 2034 futurus,
462 1977 506 2025 sibi
518 1977 636 2037 acquirat,
648 1975 735 2038 paucis
746 1976 860 2034 absolvit,
872 1983 900 2025 ut
912 1978 944 2025 ad
955 1978 1072 2027 orationis
1083 1992 1123 2026 or·

101 2049 193 2093 natum
206 2040 282 2090 fusius
292 2042 473 2104 explanandum
484 2042 574 2090 redeat.

111 2174 114 2179 ·
137 2156 232 2205 Omnes
248 2158 354 2205 virtutos
370 2156 486 2221 equales]
521 2155 627 2204 Crassus
645 2156 702 2205 here
721 2156 809 2219 adopts
831 2155 873 2204 the
893 2157 1016 2221 languags
1036 2156 1123 2205 ottho

14 2288 15 2295 ,
104 2239 194 2299 Stoics,
206 2241 262 2289 who
273 2241 330 2289 held
341 2240 375 2288 all
385 2242 476 2289 virtues
488 2248 514 2290 to
525 2242 555 2289 he
567 2241 647 2302 equal.

137 2324 255 2374 Soet-16.
281 2323 393 2372 Gom-o
403 2324 519 2386 recivili]
552 2323 619 2373 Cum
629 2340 708 2387 neque
717 2324 895 2386 rempublicam
905 2338 1038 2385 oapcmrc,
1044 2337 1124 2387 neque

103 2406 130 2457 in
140 2410 194 2456 foro
205 2408 295 2456 versari
306 2408 404 2455 vellent.

137 2492 205 2540 Soet.
218 2491 257 2540 17.
283 2489 438 2555 Voluptariae
451 2489 642 2554 disputationes]
677 2489 716 2538 De
727 2489 854 2552 voluptate
865 2495 891 2537 et
901 2504 945 2551 pro
956 2489 1090 2553 voluptate.

137 2574 205 2622 Sect
217 2573 255 2622 19.
280 2572 602 2637 Oratorem-in-gyrum]
627 2573 669 2621 Ad
678 2572 819 2637 ejuwtem
827 2573 1015 2634 paucaresertis.
1039 2573 1124 2624 Ducta

104 2664 144 2707 est
159 2657 302 2720 metaphora
313 2657 345 2705 ab
356 2655 432 2718 cquis,
444 2655 486 2719 qui
503 2673 519 2705 a
536 2656 694 2706 domitoribus
711 2655 738 2704 in
754 2670 844 2720 gyrum
860 2662 977 2720 aguntur,
989 2656 1083 2714 crebro,
1095 2662 1123 2705 ut

105 2740 283 2790 mansuetiores
294 2746 319 2788 et
330 2739 452 2789 faciliores
462 2739 531 2788 fiant

141 2822 216 2884 Quod
226 2826 345 2887 mysterio
357 2840 405 2874 non
415 2822 548 2886 referrent]
582 2821 657 2882 Quod
675 2839 768 2873 arcam
782 2838 855 2873 sacra
873 2822 1013 2873 instaurare
1030 2823 1124 2873 nollem

105 2908 203 2961 honoris
213 2906 262 2956 mei
274 2923 359 2957 causa.
663 2956 669 2967 ,

141 2992 223 3053 Quasi
240 2991 427 3040 talernaculum
438 3006 511 3041 mum
527 2992 690 3055 collocarunt]
724 2991 846 3051 Omnium
858 3007 931 3041 suum
947 2990 1067 3049 studium,
1078 3005 1122 3041 ou·

105 3092 168 3134 ram,
179 3082 321 3139 etoperam.

139 3161 206 3209 Sect.
217 3159 257 3207 21.
283 3157 437 3221 Verberabit]
474 3158 617 3215 verberare,
629 3175 726 3216 vexare,
737 3158 863 3223 negotium
873 3159 1002 3207 laeenam.

139 3241 290 3307 Foreueihm
300 3243 393 3304 nemis]
427 3241 534 3301 Nereus,
542 3240 706 3298 vehementia,
714 3247 740 3289 et
750 3241 796 3300 vis,
804 3241 929 3293 contentio
937 3255 992 3305 qus
1002 3238 1030 3291 iu
1040 3236 1123 3289 causis

107 3328 244 3377 forensibus
255 3327 393 3376 adhibetur.

139 3411 205 3460 Soet.
216 3409 257 3457 22.
281 3408 446 3472 Sotiafocere]
479 3408 582 3458 Placere
593 3407 768 3470 speotuutihus

36 3498 39 3511 '
140 3494 199 3543 Nisi
207 3493 362 3558 palestram]
396 3493 484 3543 Artem
495 3493 625 3542 eaercmdi
635 3499 661 3542 et
673 3493 786 3544 movendi
797 3491 912 3556 corporis.

140 3579 204 3626 Soet
215 3577 255 3626 2³.
279 3576 319 3628 Et
333 3593 430 3627 summo
441 3583 567 3626 senectute
578 3576 626 3638 est]
661 3576 718 3626 Etsi
728 3591 828 3627 summa
838 3581 967 3626 senectute
978 3580 1025 3632 ost,
1035 3579 1122 3624 tamn

108 3667 293 3711 commentatur.
328 3661 496 3711 Gonuncntora'
511 3661 634 3720 deuotus,
645 3663 686 3726 qul
703 3662 815 3728 cogitant
831 3670 858 3711 et
873 3661 993 3718 scribunt,
1004 3674 1058 3723 qun
1069 3659 1122 3709 dlo-

109 3746 154 3797 tori
163 3746 227 3805 sinu
242 3744 301 3799 iudo
310 3745 426 3811 qaoque
436 3751 555 3797 accursu
571 3746 718 3811 ωςίιιιιιιιο,
727 3753 755 3797 st
766 3746 905 3805 mbimus
916 3744 942 3796 id
958 3740 1123 3797 commeatui

109 3828 217 3881 dicimur·

584 3895 647 3958 21·
