2452 4290
151 403 194 465 22
441 411 873 458 usonnronunmnnrnmus.

151 565 240 630 certe
255 565 355 648 prope
377 562 475 637 idern,
488 563 589 626 nullis
609 571 647 626 ut
667 572 701 625 te
755 563 762 578 '
789 562 817 623 is
839 561 1089 625 circumscribat
1113 564 1185 629 ant

149 650 286 714 definiat
296 652 353 729 jus
368 668 474 721 suum,
488 646 552 729 qud
566 628 699 710 nteit*
828 656 843 709 t
863 645 979 709 eadem
993 648 1051 708 illd
1065 647 1184 712 facul·

149 744 219 799 tate
243 744 277 798 et
300 734 394 815 copia
415 735 542 812 vagari,
556 733 621 812 qud
640 732 731 795 velit.
774 730 928 810 Namque
951 731 1033 794 illud
1056 750 1183 812 quare,

149 818 310 892 Scaevola,
325 819 452 898 negasti
475 826 509 881 te
532 816 632 879 fuisse
656 817 811 888 laturum,
826 816 890 878 nisi
913 815 947 877 in
970 835 1044 878 meo
1065 837 1183 897 regno

149 925 247 977 esses,
261 903 348 984 quod
361 905 395 965 in
411 904 499 965 omui
514 920 634 981 genere
657 902 825 983 sermonis
840 903 874 963 in
895 901 985 962 omni
999 910 1095 981 parte
1112 902 1181 965 hu-

81 1013 131 1049 ·κ,
149 989 329 1089 manitptig,
354 987 492 1050 dixerim
518 994 681 1048 oratorem
706 984 890 1067 perfectum
919 1004 990 1047 esse
1021 983 1179 1131 deffluerel
1204 1008 1209 1023 ¹

93 1060 127 1101 μ’
144 1055 550 1169 Nhhqu‘amJffiehercule,
565 1070 627 1132 hoc
641 1069 795 1142 dicerem,
810 1071 838 1131 si
854 1088 941 1142 eum,
956 1088 1053 1148 quem
1120 1042 1206 1150 §33

148 1158 311 1239 meipsum
333 1176 404 1218 esse
427 1155 614 1218 arbitrarer.
659 1153 734 1226 Sed,
749 1163 785 1216 ut
808 1153 935 1216 solebat
958 1153 994 1214 Ο.
1021 1153 1181 1218 Lucilius

149 1243 236 1322 srepd
250 1242 369 1313 dicere,
387 1240 496 1321 (homo
510 1239 571 1301 tibi
593 1238 768 1311 subiretur,
783 1237 863 1301 mihi
882 1246 1015 1319 propter
1029 1258 1107 1300 earn
1124 1242 1180 1322 ip‹

149 1346 222 1388 sam
237 1345 375 1388 causam
425 1326 432 1339 ‘
464 1326 506 1397 ”a
562 1324 615 1385 rim
629 1323 772 1425 tplebat,
783 1322 966 1395 familiaris,
981 1321 1038 1384 sed
1052 1331 1180 1388 tamen

150 1419 184 1473 et
197 1411 313 1473 doctus
324 1345 435 1491 etp&¹
558 1384 646 1488 dissic
660 1408 774 1481 sentio,
785 1408 951 1469 neminem
962 1427 1034 1468 csse
1050 1408 1084 1467 in
1096 1428 1179 1471 ora·

38 1520 45 1526 ·
149 1490 257 1559 torum
271 1514 409 1558 numero
430 1492 630 1565 habendum,
645 1493 701 1572 qui
723 1511 787 1553 non
810 1491 852 1552 sit
867 1491 1018 1553 omnibus
1035 1493 1075 1552 iis
1091 1494 1179 1556 arti·

149 1581 222 1653 bus,
237 1600 309 1660 quae
324 1589 402 1641 sunt
422 1579 525 1641 libero
546 1577 665 1656 dignae,
679 1576 879 1657 perpolitus3
900 1575 1020 1656 quibus
1006 1577 1097 1721 epJips'
1147 1579 1176 1640 ε’
1210 1645 1215 1660 ,

150 1665 185 1728 in
210 1663 348 1727 dicendo
373 1683 439 1725 non
463 1665 596 1732 utimur,
621 1671 734 1723 tamen
759 1667 900 1742 apparet
925 1668 1005 1740 atqu
1051 1597 1155 1723 eiiii

150 1750 261 1811 utrum
275 1749 377 1809 simus
392 1765 507 1808 earum
522 1744 628 1815 rudes,
643 1764 687 1805 an
702 1744 921 1815 didicerimus,
963 1743 1018 1817 Ut,
1032 1745 1089 1824 qui
1103 1744 1179 1827 pila

151 1831 278 1903 ludunt,
292 1850 358 1894 non
372 1839 510 1892 utuntur
525 1831 559 1891 in
578 1829 649 1911 ipsi
670 1829 795 1890 lusione
812 1828 953 1893 artificio
967 1827 1098 1911 proprio
1113 1850 1180 1912 pa·

151 1919 289 1989 laestrae3
312 1915 370 1979 sed
384 1914 510 1976 indicat
524 1915 593 1996 ipse
610 1923 728 1985 motus
739 1912 954 1975 didicerintne
969 1913 1180 1994 palestram,

152 2022 197 2064 an
211 2002 378 2064 nesciant:
401 2008 435 2061 et
449 2000 505 2079 qui
522 1997 647 2078 aliquid
668 1997 805 2076 fingunt,
821 1998 883 2060 etsi
897 2006 968 2059 turn
982 1996 1111 2080 pictura
1126 2003 1179 2062 ni·

151 2086 199 2149 hil
221 2093 367 2157 utuntur,
381 2093 504 2157 tamen,
519 2085 630 2145 utrum
653 2084 760 2145 sciant
783 2082 929 2162 pingere,
944 2100 988 2143 an
1011 2083 1180 2157 nesciant,

151 2190 218 2233 non
229 2169 404 2231 obscurum
419 2177 487 2230 est:
511 2169 567 2239 sic,
578 2169 613 2228 in
624 2165 827 2228 orationibus
837 2166 928 2228 hisce
940 2166 1020 2248 ipsis
1030 2165 1165 2244 judicio

152 2275 235 2326 rum,
250 2254 454 2325 concionum,
470 2253 612 2323 senatis
627 2253 730 2313 etiam
752 2252 781 2312 si
802 2251 931 2333 proprie
953 2258 1083 2312 caeterae
1106 2271 1178 2316 non

152 2338 373 2401 adhibeantur
387 2349 485 2409 artes,
495 2345 610 2398 tamen
625 2335 722 2397 facile
733 2334 931 2406 declaratur,
941 2335 1052 2396 utrum
1066 2335 1105 2408 ia,
1116 2341 1179 2417 qui

148 2423 251 2494 dicat,
265 2420 492 2484 tantummodo
506 2423 541 2482 in
562 2419 624 2482 hoc
646 2420 881 2482 declamatorio
896 2420 938 2480 sit
955 2438 1053 2500 opere
1064 2420 1180 2497 jacta·
1224 2430 1225 2433 ’

152 2517 215 2579 tus,
227 2527 271 2569 an
287 2505 329 2568 ad
344 2504 518 2568 dicendum
529 2504 679 2568 omnibus
694 2505 846 2584 ingenuis
858 2502 984 2566 artibus
994 2504 1180 2569 instructus
1223 2578 1225 2595 1

153 2591 338 2654 accesserit.
376 2605 382 2619 ·

195 2674 298 2738 XVII.
322 2674 409 2738 Turn
423 2673 533 2737 ridens
551 2672 713 2746 Scaevola,
726 2672 760 2736 N
761 2693 803 2734 on
825 2671 984 2744 luctabor,
997 2673 1114 2751 inquit,
1129 2682 1180 2736 te·

154 2778 239 2832 curn,
254 2758 381 2832 Crasse,
396 2759 547 2840 amplius,
569 2757 602 2820 id
625 2758 714 2819 enim
737 2759 854 2838 ipsum,
871 2755 958 2836 quod
982 2766 1098 2818 contra
1121 2778 1180 2822 me

154 2843 284 2906 locutus
298 2864 343 2916 es,
359 2844 499 2906 artificio
522 2841 666 2923 quodam
689 2860 725 2903 es
748 2848 953 2913 consecutus
968 2850 1006 2902 ut
1029 2841 1182 2916 etmihi,

154 2947 228 3008 quae
243 2947 305 3004 ego
320 2928 441 2989 vellem
456 2947 522 2988 non
536 2945 607 2989 esse
623 2926 770 2997 oratoris,
785 2924 1000 2996 concederes;
1022 2933 1056 2987 et
1071 2945 1114 2986 ea
1130 2928 1181 3008 ip-
1223 2940 1225 3035 4

155 3031 203 3084 sa,
225 3012 337 3073 nescio
358 3009 528 3090 quomodo,
551 3029 664 3072 rursus
687 3008 907 3089 detorqueres,
931 3017 1031 3088 atque
1054 3013 1183 3073 oratori

155 3096 288 3178 propria
302 3095 459 3158 traderes
503 3093 596 3166 Haec,
608 3096 683 3156 oiim
698 3112 761 3173 ego
775 3101 894 3175 praetor
907 3090 1059 3155 Rhodum
1070 3096 1182 3161 renis·

155 3200 236 3252 sem,
251 3189 285 3241 et
300 3199 376 3242 curn
391 3198 519 3241 summo
533 3179 590 3239 illo
601 3179 731 3246 doctore
747 3179 841 3240 istius
851 3177 1033 3258 disciplinae
1045 3170 1183 3259 Apollo·

155 3266 220 3336 nio,
236 3278 288 3337 ea,
303 3283 375 3344 quae
391 3284 414 3326 a
427 3263 576 3328 Panaetio
598 3282 803 3343 acceperam,
825 3262 1054 3334 contulissem3
1076 3265 1183 3327 irrisit

156 3349 213 3411 ille
229 3348 371 3428 quidem,
384 3358 422 3411 ut
444 3347 582 3420 solebat,
596 3344 845 3429 philosophiam,
861 3354 960 3426 atque
983 3349 1161 3410 contemsit
1175 3373 1183 3422 3

157 3433 327 3512 multaque
352 3452 418 3494 non
441 3440 512 3494 tam
535 3433 682 3510 graviter
704 3430 797 3503 dixit,
820 3431 918 3511 quiun
941 3429 1059 3492 facete.
1104 3430 1186 3496 Tua

158 3524 272 3578 autem
287 3515 350 3577 fuit
366 3516 473 3576 oratio
488 3514 657 3593 ejusmodi,
672 3534 737 3576 non
755 3524 793 3576 ut
814 3516 918 3576 ullam
939 3523 1046 3576 artem
1061 3512 1211 3597 doctri-„J¹

158 3618 280 3661 namve
296 3608 532 3670 contemneres
546 3598 604 3660 sed
618 3608 656 3661 ut
677 3617 791 3660 omnes
806 3601 941 3661 comites
957 3614 997 3660 ac
1012 3599 1186 3664 ministras
1221 3626 1224 3635 ’

158 3684 299 3745 oratoris
315 3701 386 3745 esse
410 3682 545 3745 diceres.
589 3681 685 3758 Quas
708 3702 779 3761 ego,
795 3683 822 3744 si
840 3685 913 3762 quis
936 3685 1078 3745 siturus
1093 3704 1185 3748 com·

158 3766 276 3847 plexus
290 3785 413 3838 omnes,
424 3766 576 3845 idemque
591 3768 620 3826 si
635 3767 678 3827 od
689 3786 747 3829 eas
762 3767 957 3828 facultatem
972 3769 1071 3829 istam
1085 3788 1184 3832 orna·

160 3851 295 3912 tissimae
319 3851 476 3913 orationis
500 3849 706 3928 adjunxerim
727 3870 792 3912 non
814 3869 947 3931 possum
968 3850 1087 3923 dicere,
1103 3871 1185 3918 eum

253 4072 275 4106 Ι
