2452 4290
427 222 443 253 a·

356 324 397 367 os
413 324 559 367 *onerose
579 324 668 368 mun
687 325 807 369 remos.
941 325 944 330 ’
1053 312 1092 370 ιθ

9 468 10 473 ’
65 492 153 535 ome
184 488 371 561 mamogo,
386 491 459 551 quae
473 481 551 534 sunt
571 472 693 535 oratori
714 491 791 535 oum
812 472 877 536 illis
894 475 1092 548 communio,

65 576 127 621 non
254 550 357 618 drab
379 556 463 633 illis3
482 556 553 637 nisti,
567 575 640 636 quae
663 555 703 619 de
726 554 777 619 his
794 557 892 620 rebus
914 558 1092 640 disputant,

64 651 239 703 oratorum
262 660 335 725 esse
359 639 551 702 concedunt.
595 640 709 727 ltaque
733 650 870 705 caeteros
891 642 990 706 libros
1010 645 1092 706 artis

9 754 10 757 ¹
64 744 133 787 suae
153 724 303 797 nornine,
316 723 376 787 hos
397 723 576 787 rhetoricos
591 734 624 787 et
647 720 838 798 inscribunt,
853 736 886 789 et
909 727 1090 809 appellant.

64 808 204 872 Etenim
216 810 294 871 cum
308 809 358 870 illi
372 808 555 877 indicendo
569 809 743 872 inciderint
757 810 821 873 loci
834 810 933 891 (quod
944 813 1090 894 persaepe

66 893 193 974 evenit)
211 901 252 955 ut
272 893 314 955 de
334 891 406 956 Diis
427 893 677 967 immortalibus
691 894 731 956 de
753 896 889 978 pietate,
903 897 943 958 de
960 916 1091 959 concor·

8 1022 10 1029 >
65 978 128 1052 dis,
143 979 188 1041 de
211 979 369 1050 amicitiis,
386 976 427 1040 de
449 979 615 1041 communi
637 979 770 1052 civium,
786 978 832 1045 ¹de
855 980 1034 1053 hominum,
1049 981 1090 1044 de

66 1065 220 1210 ffitium
240 1065 325 1142 jure,
340 1062 381 1124 de
396 1064 550 1143 aequitate
565 1061 606 1125 de
620 1064 848 1145 temperantis,
863 1065 904 1126 de
926 1068 1090 1143 magnitu-

8 1184 14 1209 .
89 1150 96 1161 “
123 1169 143 1210 e
155 1148 271 1219 animi,
283 1146 322 1229 de
338 1148 426 1209 omni
441 1148 571 1210 virtutis
583 1167 703 1226 genere
715 1149 757 1219 sit
773 1149 956 1222 dicendum,
968 1150 1090 1212 clama·

66 1230 152 1295 bunt
170 1230 297 1313 (credo)
312 1232 424 1294 omnia
438 1233 622 1313 gymnasia,
637 1242 737 1313 etque
754 1254 868 1297 omnes
885 1232 1090 1315 philosopho-

67 1335 143 1379 rum
157 1316 291 1389 scholae,
305 1335 368 1378 sua
389 1315 458 1377 haeo
473 1336 544 1378 esse
560 1318 672 1379 omnia
688 1319 839 1400 propria3
861 1317 943 1380 nihil
958 1317 1090 1380 omnino

68 1401 294 1463 adoratorem
305 1401 478 1482 pertinere.
522 1400 653 1477 Quibus
663 1421 735 1479 ego,
746 1410 784 1462 ut
797 1400 838 1462 de
849 1400 900 1462 his
914 1400 1013 1463 rebus
1024 1422 1090 1464 om·

68 1485 168 1548 nibus
189 1486 226 1546 in
241 1484 381 1563 angulis
396 1485 606 1547 consumendi
624 1487 683 1546 otii
706 1484 818 1557 causi,
830 1483 1000 1557 disserent,
1016 1488 1091 1562 cirm

68 1569 361 1641 concesser0‚illud
370 1578 483 1633 tamen
492 1571 613 1651 oratori
622 1569 767 1631 tribuam
776 1578 809 1631 et
819 1568 956 1642 dabunt
965 1568 1091 1643 eedem,

6 1648 11 1673 '
68 1654 109 1717 de
131 1655 255 1735 quibus
269 1653 317 1716 illi
340 1655 432 1715 tenui
457 1652 599 1734 quodam
614 1654 840 1734 exsanguique
861 1672 1009 1717 sermone
1028 1654 1089 1716 dis·

6 1806 9 1823 ‚
67 1748 200 1886 Essent,
214 1738 268 1800 hic
284 1757 360 1800 cum
375 1739 462 1800 omni
477 1741 644 1817 gravitate
661 1747 694 1801 et
711 1734 921 1818 jucunditate
934 1739 1092 1823 explicet.
1153 1794 1156 1800 .
1188 1810 1192 1819 ,

103 1845 153 1886 aec
170 1843 234 1901 ego
249 1842 325 1885 cum
336 1824 415 1903 ipsis
428 1822 629 1905 philosophis
642 1832 713 1885 tum
725 1822 868 1885 Athenis
878 1812 1089 1886 disserebam}
1114 1834 1119 1841 “

6 1942 8 1949 v
69 1906 223 1987 Cogebat
245 1909 340 1969 enim·
353 1927 406 1969 me
431 1907 478 1970 Μ.
501 1906 682 1971 Marcellus
706 1906 760 1969 hic
781 1917 902 1988 noster,
923 1909 979 1986 qui
1001 1927 1089 1971 nunc

13 2038 19 2041 -
69 1989 176 2055 aedilis
190 1992 314 2055 curulis
338 2000 397 2064 est,
412 2000 445 2053 et
470 1991 704 2073 profectuum
727 1991 821 2054 ludos
843 2011 930 2053 nunc
954 1990 1090 2065 faceret,

69 2074 146 2139 huic
162 2085 274 2140 nostro
289 2077 429 2138 sermoni
444 2079 616 2161 interesset
627 2099 635 2151 ;
645 2126 648 2130 Δ
658 2096 698 2139 ac
710 2078 783 2156 jam
797 2085 869 2138 tum
880 2083 953 2139 erat
964 2076 1089 2138 adoles·

70 2161 226 2224 centulus
239 2160 290 2222 his
305 2160 421 2222 studiis
435 2160 572 2223 mirifice
587 2158 724 2224 deditus.
769 2159 789 2224 J
790 2180 846 2222 sm
860 2159 939 2224 verd
953 2159 993 2222 de
1009 2160 1089 2239 legi·

69 2243 131 2308 bus
145 2243 364 2316 instituendis
378 2243 419 2306 de
434 2244 530 2317 bello,
544 2243 585 2306 de
600 2265 694 2326 pace,
708 2243 748 2307 de
764 2246 870 2318 sociis,
885 2245 925 2308 de
943 2238 1090 2323 vectiga-

70 2329 166 2402 libus,
180 2330 223 2392 de
239 2330 316 2410 jure
332 2329 423 2391 civili
445 2331 629 2408 generatim
650 2331 685 2391 in
698 2328 827 2392 ordines
841 2338 1021 2409 aetatesque
1036 2328 1090 2391 de·

5 2412 8 2427 '
70 2415 204 2497 scripto,
219 2413 331 2477 dicant
345 2413 399 2475 vel
413 2413 530 2485 Graeci,
545 2415 573 2476 si
587 2413 710 2487 volunt,
726 2413 914 2496 Lycurgum
929 2422 988 2476 aut
1000 2411 1091 2481 Solo

5 2552 7 2559 ,
70 2519 146 2562 nem
164 2501 369 2579 (quanquam
390 2499 463 2561 illos
480 2497 611 2578 quidem
625 2517 797 2561 censemus
818 2501 852 2560 in
871 2518 1010 2560 numero
1024 2496 1088 2559 elo-

70 2586 244 2666 quentium
265 2583 481 2664 reponendos)
500 2580 598 2646 scisse
619 2583 747 2655 melius,
768 2583 865 2661 quem
885 2579 1090 2678 'Hyperidem

71 2677 128 2731 eut
162 2666 414 2747 ‚emosthenem
429 2665 592 2748 perfectos
600 2669 675 2746 jem
689 2664 837 2728 homines
851 2667 886 2727 in
900 2663 1045 2737 dicendo,
1056 2674 1090 2728 et

172 2746 267 2814 litos:
289 2752 344 2814 vel
359 2753 462 2814 nostri
483 2750 696 2823 decemviros,
710 2750 766 2829 qui
787 2747 857 2811 XII.
872 2748 1005 2811 tabulas
1019 2767 1089 2830 per·

70 2839 283 2918 scripserunt,
298 2855 380 2917 quos
394 2855 529 2899 necesse
551 2845 602 2898 est
624 2834 726 2898 fuisse
748 2833 934 2917 prudentes,
955 2841 1090 2914 antepo-

70 2929 153 2985 nant
167 2922 204 2983 iu
217 2920 278 2984 hoc
290 2940 412 2999 genere
423 2929 457 2983 et
472 2919 543 2984 Ser.
552 2920 679 2991 Galbae,
691 2928 724 2982 et
739 2938 851 2982 socero
862 2927 919 2982 tuo
931 2916 966 2979 O.
978 2916 1090 2990 Laelio,

70 3024 152 3087 quos
163 3012 294 3075 constet
308 3004 437 3067 dicendi
448 3005 552 3085 glorie
565 3004 765 3087 praestitisse.
809 3002 989 3083 Nunquam
1000 3002 1090 3063 enirn

69 3089 213 3175 'ncgebq
265 3109 300 3151 se
314 3088 579 3170 quasdamtartes
597 3089 750 3186 proprias
770 3107 891 3161 eorum,
906 3087 962 3168 qui
983 3088 1019 3149 in
1040 3085 1090 3147 his

71 3109 307 3254 ctgnotsdlidis
322 3182 422 3254 atque
443 3164 624 3237 trationdrs
646 3166 790 3235 studium
804 3191 901 3235 suum
915 3190 1012 3233 omne
1033 3190 1107 3251 po<

71 3271 228 3322 suerunt:
258 3256 315 3321 sed
336 3265 500 3321 oratorem
524 3258 659 3340 plenum
683 3265 783 3336 atque
809 3253 993 3337 perfectum
1019 3273 1090 3316 esse
1128 3264 1131 3270 ’

71 3363 150 3489 {lum
160 3342 281 3416 dicam,
291 3343 347 3424 qui
358 3341 398 3406 de
410 3343 560 3406 omnibus
570 3342 669 3404 rebus
679 3341 781 3421 possit
791 3339 882 3401 varie
895 3340 1089 3420 copioseque

105 3447 192 3489 cere.

28 3524 42 3567 Ι
113 3509 203 3574 XIV.
227 3508 360 3574 Etenim
375 3511 471 3592 saepe,
485 3511 520 3574 in
533 3509 575 3571 iis
590 3507 734 3589 cousisq
758 3528 796 3571 as
809 3528 923 3572 omnes
942 3507 1091 3589 proprias

5 3610 10 3643 f
72 3615 145 3659 esse
161 3603 329 3657 oratorum
343 3595 550 3668 confitentur,
564 3602 615 3675 est
637 3529 770 3673 aliquid,
785 3592 871 3674 quod
893 3612 958 3655 non
972 3610 1014 3651 ex
1029 3609 1091 3671 usu

72 3678 207 3751 forensi,
218 3698 318 3759 quem
331 3681 439 3743 solum
452 3679 637 3743 oratoribus
651 3679 838 3749 conceditis,
849 3673 907 3738 sed
921 3694 963 3738 ex
977 3673 1090 3736 obscu-

5 3754 10 3776 '
72 3765 158 3830 riore
174 3763 288 3847 aliqud
307 3764 453 3838 scientie,
468 3765 510 3828 sit
532 3762 749 3846 promendum
771 3769 871 3840 etque
886 3756 1089 3820 sumendum.
1130 3826 1135 3832 g
