2434 4286
146 355 190 413 86
396 370 450 412 aa
471 370 613 413 carrona
633 366 723 411 nura
744 366 906 411 smarnos.

147 539 232 585 rare.
276 517 330 581 Ne
344 517 416 581 haec
431 517 562 598 quidem
577 516 801 598 reprehendo:
823 524 899 578 sunt
911 516 1000 578 enlm
1010 516 1185 581 concina

148 603 331 675 distributa,
354 602 411 664 sed
434 613 548 665 tamen
566 602 611 683 (id
635 601 720 681 quod
742 622 877 664 necesse
900 600 962 662 suit
984 601 1153 665 hominib
1184 649 1185 652 η

149 687 338 770 expertibus
353 687 515 765 veritatis)
541 707 606 749 non
628 688 741 768 perite.
786 685 871 762 Quae
893 688 982 748 enim
1003 696 1184 767 praeoept

148 775 385 855 principiorum
400 781 434 834 et
450 773 677 834 narrationum
700 790 772 833 esse
787 772 972 842 voluerunt,¹
987 792 1032 832 ea
1050 773 1089 832 in
1108 770 1185 832 tot‘

149 857 351 921 orationibus
366 865 442 918 sunt
457 856 692 919 conservanda.
736 855 826 917 Nam
849 875 912 934 ego
934 854 1014 917 mihi
1031 855 1176 917 benev

149 944 218 1004 lum
228 942 376 1021 judicem
398 942 530 1003 facilius
554 940 664 1003 facere
680 959 813 1021 possum
834 941 868 1001 in
891 960 989 1002 cursu
1004 942 1186 1002 orationi-v

148 1028 247 1107 quam
272 1029 348 1089 edm
371 1027 482 1088 omnia
505 1036 581 1087 sunt
604 1024 774 1098 inaudita3
796 1024 937 1087 docilem
960 1036 1093 1097 autem,
1122 1047 1187 1087 no

149 1113 224 1175 cum
240 1111 397 1191 polliceor
411 1130 464 1173 me
480 1110 788 1181 demonstraturum,
803 1110 861 1172 sed
882 1110 1059 1182 tummim
1077 1110 1190 1172 doce·

149 1205 183 1258 et
199 1196 360 1277 explan0;
383 1204 549 1258 attentum
563 1194 652 1267 verb,
667 1193 782 1256 crebro
797 1195 865 1255 tota
880 1195 1010 1256 actione
1024 1196 1183 1257 excitau

148 1281 199 1342 dis
214 1280 378 1344 mentibus
389 1279 549 1359 judicum,
564 1300 629 1341 non
644 1281 748 1360 prima
769 1278 1026 1363 denuntiatione,
1043 1278 1199 1344 efficere

149 1384 332 1447 possumus.
370 1364 535 1428 Jamverb
546 1366 771 1426 narrationem
782 1363 866 1443 qubd
878 1363 997 1442 jubent
1011 1366 1199 1427 verisimi-

149 1451 215 1514 lem
231 1470 312 1522 esse,
327 1460 360 1511 et
376 1459 536 1531 apertam,
558 1459 592 1511 et
613 1447 758 1521 brevem,
780 1449 869 1510 recte
892 1468 952 1510 nos
973 1446 1199 1512 admonent:

149 1534 235 1615 qubd
250 1534 320 1597 hac
336 1537 534 1596 narrationis
548 1533 656 1612 magis
670 1543 790 1614 putant
812 1553 884 1595 esse
909 1533 1053 1614 propria,
1078 1535 1199 1613 quum

150 1622 251 1682 totius
266 1620 432 1690 orationis,
447 1618 544 1681 valde
560 1619 641 1680 mihi
656 1618 808 1681 videntur
823 1637 952 1679 errare:
975 1618 1211 1701 omniudqffl

151 1706 184 1766 in
200 1703 261 1765 hoc
277 1703 382 1764 omnis
397 1712 447 1764 est
462 1724 561 1779 error,
575 1702 661 1782 qubd
676 1705 874 1774 existimant,
896 1700 1079 1763 artificium
1108 1725 1199 1767 esse

151 1787 213 1851 hoo
239 1786 402 1868 quoddam
427 1807 494 1849 noo
516 1788 673 1850 dissimile
696 1796 899 1858 ceterorum,
921 1787 1113 1865 cujusmodi
1150 1791 1214 1879 deq

151 1875 221 1954 ipso
232 1874 307 1952 jure
323 1872 415 1934 civili
429 1870 582 1934 hesterno
594 1873 647 1935 die
658 1871 799 1933 Crassus
809 1872 962 1952 componi
976 1890 1075 1952 posse
1093 1872 1198 1936 dice·
1214 1948 1215 1953 η

150 1957 211 2019 bat
224 1979 236 2017 2-
256 1966 291 2018 ut
306 1977 430 2036 genera
441 1976 551 2019 rerum
565 1958 707 2039 primum
718 1964 973 2037 exponerentur.
989 1957 1111 2034 inquo
1139 1960 1198 2020 vi·
1215 2024 1216 2047 χ

151 2042 234 2104 tium
250 2052 312 2113 est,
325 2043 353 2103 si
367 2060 472 2119 genus
493 2042 600 2103 ullum
620 2043 908 2123 praetermittatur:
931 2039 1047 2101 deinde
1065 2042 1216 2122 singu?

151 2127 260 2188 lorum
272 2145 432 2204 generum
446 2136 566 2207 partes
578 2128 612 2188 in
624 2147 688 2205 quo
700 2136 734 2187 et
746 2124 859 2190 deesse
872 2125 1020 2204 aliquam
1034 2135 1199 2204 partem,

151 2219 185 2272 et
214 2229 381 2290 superare,
407 2209 601 2273 mendosum
626 2219 697 2273 est:
728 2219 799 2272 tum
825 2209 1000 2271 verborum
1025 2212 1199 2276 omnium

151 2294 365 2366 definitiones
392 2295 426 2355 in
452 2293 571 2373 quibus
598 2315 704 2375 neque
727 2295 843 2357 abesse
869 2293 1047 2373 quidquam
1061 2294 1199 2373 decet,

151 2398 258 2458 neque
273 2377 468 2440 redundare.

193 2462 265 2525 XX.
290 2462 355 2525 Sed
370 2461 431 2525 hoc
456 2465 484 2525 si
508 2465 542 2526 in
562 2466 638 2543 jure
653 2463 753 2534 civili,
769 2463 797 2524 si
813 2464 915 2524 etiam
930 2463 964 2524 in
979 2464 1096 2544 parvis
1121 2476 1200 2530 aut

150 2548 371 2610 mediocribus
385 2547 484 2610 rebus
498 2548 660 2610 doctiores
675 2548 807 2627 assequi
827 2557 984 2629 possunt;
1007 2567 1072 2609 non
1090 2549 1199 2614 idem

151 2635 267 2705 sentio,
278 2633 372 2695 tanta
385 2632 449 2695 hac
464 2635 499 2695 in
514 2653 559 2707 re,
571 2643 705 2713 tamque
717 2633 886 2705 immensa,
898 2650 991 2712 posse
1003 2632 1085 2694 fieri.
1120 2632 1198 2698 Sin

151 2728 266 2779 autem
280 2718 336 2797 qui
351 2718 564 2791 arbitrantur,
579 2717 761 2780 deducendi
782 2726 859 2778 sunt
881 2717 925 2777 ad
947 2736 1004 2778 eos
1026 2717 1082 2796 qui
1105 2716 1199 2783 haec

151 2800 291 2863 docent:
314 2803 426 2863 omnia
436 2803 509 2880 jam
524 2804 692 2883 explicata
706 2811 740 2863 et
754 2801 919 2883 perpolita
934 2811 1166 2881 assequentur
1186 2829 1196 2878 ς

152 2894 228 2948 suut
243 2886 332 2947 enim
346 2886 604 2948 innumerabiles
619 2886 659 2948 de
674 2886 726 2948 his
740 2886 839 2948 rebus
853 2885 937 2956 libri,
948 2905 1055 2965 neque
1071 2883 1216 2953 abditi'

151 2989 256 3049 neque
287 2969 426 3033 obscuri.
472 2969 538 3032 Sed
562 2971 708 3043 videant,
734 2970 812 3050 quid
840 2971 962 3043 velint3
994 2969 1038 3031 ad
1061 2970 1198 3035 luden-

151 3054 283 3127 dumne,
298 3074 342 3115 an
358 3054 401 3115 ad
423 3054 646 3136 pugnandum,
668 3075 772 3126 arma,
795 3056 860 3116 sint
881 3056 1030 3116 sumturi.
1074 3053 1199 3122 Aliud

151 3142 241 3201 enirn
255 3158 369 3219 pugna
384 3149 417 3201 et
432 3141 531 3213 acies
547 3139 638 3202 aliud
653 3141 749 3202 ludus
764 3159 964 3221 campusque
987 3146 1107 3210 noster,
1122 3140 1197 3205 de-

152 3225 283 3286 siderat.
329 3225 487 3299 Attamen
504 3244 558 3286 ars
573 3226 646 3306 ipsa
661 3224 789 3286 ludicra
804 3244 970 3286 armorum
992 3233 1026 3286 et
1047 3222 1196 3301 gladia-

151 3311 214 3370 tori
230 3319 265 3370 et
280 3309 377 3371 militi
391 3308 524 3390 prodest
540 3309 684 3388 aliquid:
707 3309 765 3371 sed
787 3311 918 3371 animus
940 3329 1019 3371 acer
1039 3315 1073 3369 et
1094 3327 1196 3387 prae-

151 3412 237 3466 sens,
253 3403 286 3455 et
302 3404 421 3455 acutus
433 3393 521 3455 idem
533 3402 633 3473 atque
644 3403 806 3466 versutus,
815 3394 958 3456 invictos
966 3395 1053 3455 viros
1065 3390 1197 3471 efficit,

151 3498 216 3540 non
232 3476 398 3539 difficilius
414 3489 486 3540 arte
503 3478 686 3557 conjuncta

194 3561 310 3637 Quare
327 3562 464 3638 egotibi
479 3572 646 3625 oratorem
660 3565 707 3625 sic
718 3565 792 3642 jam
814 3563 997 3637 instituam,
1011 3565 1039 3626 si
1053 3573 1196 3645 potero,

151 3653 198 3716 ut,
214 3644 290 3723 quid
307 3644 437 3707 efficere
452 3648 566 3726 possit,
581 3649 658 3708 ante
673 3649 880 3729 perspiciam.
926 3647 977 3709 Sit
991 3649 1080 3710 enim
1094 3648 1194 3717 mihi

152 3729 276 3788 tinctus
291 3728 414 3797 literis;
437 3728 578 3790 audlerit
599 3731 744 3810 aliquid3
766 3731 905 3809 legerit3
928 3733 993 3793 ista
1007 3734 1082 3814 ipsa
1095 3751 1193 3816 proe.

153 3817 253 3888 cepta
268 3810 456 3888 acceperit:
479 3812 617 3875 tentabo
640 3814 717 3893 quid
740 3814 867 3888 deceat,
883 3816 960 3896 quid
984 3836 1076 3890 voce,
1098 3821 1194 3899 quid
