<?xml version="1.0" encoding="UTF-8"?>
<!DOCTYPE html PUBLIC "-//W3C//DTD XHTML 1.0 Transitional//EN"
    "http://www.w3.org/TR/xhtml1/DTD/xhtml1-transitional.dtd">
<html xmlns="http://www.w3.org/1999/xhtml" xml:lang="en" lang="en">
 <head>
  <title>
</title>
<meta http-equiv="Content-Type" content="text/html;charset=utf-8" />
  <meta name='ocr-system' content='tesseract 3.04.00' />
  <meta name='ocr-capabilities' content='ocr_page ocr_carea ocr_par ocr_line ocrx_word'/>
</head>
<body>
  <div class='ocr_page' id='page_1' title='image "./mtulliiciceroni00kinggoog_0229.png"; bbox 0 0 2444 4276; ppageno 0'>
   <div class='ocr_carea' id='block_1_1' title="bbox 485 367 1117 428">
    <p class='ocr_par' dir='ltr' id='par_1_1' title="bbox 485 367 1117 428">
     <span class='ocr_line' id='line_1_1' title="bbox 485 367 1117 428; baseline 0.003 -2"><span class='ocrx_word' id='word_1_1' title='bbox 485 383 692 426; x_wconf 74' lang='lat' dir='ltr'><strong>mum-nm.</strong></span> <span class='ocrx_word' id='word_1_2' title='bbox 714 383 736 425; x_wconf 82' lang='lat' dir='ltr'><strong>r.</strong></span> <span class='ocrx_word' id='word_1_3' title='bbox 1057 367 1117 428; x_wconf 71' lang='lat'><strong>221</strong></span> 
     </span>
    </p>
   </div>
   <div class='ocr_carea' id='block_1_2' title="bbox 102 528 1125 1100">
    <p class='ocr_par' dir='ltr' id='par_1_2' title="bbox 102 528 1123 764">
     <span class='ocr_line' id='line_1_2' title="bbox 134 528 1123 595; baseline -0.002 -13"><span class='ocrx_word' id='word_1_4' title='bbox 134 530 214 582; x_wconf 71' lang='lat' dir='ltr'><strong>suo</strong></span> <span class='ocrx_word' id='word_1_5' title='bbox 225 529 388 592; x_wconf 72' lang='lat' dir='ltr'><strong>numento]</strong></span> <span class='ocrx_word' id='word_1_6' title='bbox 421 528 492 580; x_wconf 87' lang='lat' dir='ltr'><strong>With</strong></span> <span class='ocrx_word' id='word_1_7' title='bbox 500 530 583 579; x_wconf 79' lang='lat' dir='ltr'><strong>whom</strong></span> <span class='ocrx_word' id='word_1_8' title='bbox 594 544 644 595; x_wconf 82' lang='lat' dir='ltr'><strong>you</strong></span> <span class='ocrx_word' id='word_1_9' title='bbox 651 530 733 579; x_wconf 75' lang='lat' dir='ltr'><strong>would</strong></span> <span class='ocrx_word' id='word_1_10' title='bbox 743 535 788 578; x_wconf 84' lang='lat' dir='ltr'><strong>not</strong></span> <span class='ocrx_word' id='word_1_11' title='bbox 798 528 905 578; x_wconf 82' lang='lat' dir='ltr'><strong>contsnd</strong></span> <span class='ocrx_word' id='word_1_12' title='bbox 916 529 1028 591; x_wconf 79' lang='lat' dir='ltr'><strong>onequsl</strong></span> <span class='ocrx_word' id='word_1_13' title='bbox 1039 528 1123 580; x_wconf 73' lang='lat' dir='ltr'><strong>iem</strong></span> 
     </span>
     <span class='ocr_line' id='line_1_3' title="bbox 102 612 1123 681; baseline -0.001 -14"><span class='ocrx_word' id='word_1_14' title='bbox 102 615 154 667; x_wconf 84' lang='lat' dir='ltr'><strong>For</strong></span> <span class='ocrx_word' id='word_1_15' title='bbox 164 618 209 666; x_wconf 90' lang='lat' dir='ltr'><strong>the</strong></span> <span class='ocrx_word' id='word_1_16' title='bbox 220 614 340 681; x_wconf 77' lang='lat' dir='ltr'><strong>meaning</strong></span> <span class='ocrx_word' id='word_1_17' title='bbox 347 616 375 663; x_wconf 89' lang='lat' dir='ltr'><strong>oi</strong></span> <span class='ocrx_word' id='word_1_18' title='bbox 383 620 565 664; x_wconf 67' lang='lat' dir='ltr'><strong>momontum</strong></span> <span class='ocrx_word' id='word_1_19' title='bbox 574 613 601 662; x_wconf 91' lang='lat' dir='ltr'><strong>in</strong></span> <span class='ocrx_word' id='word_1_20' title='bbox 611 615 655 663; x_wconf 87' lang='lat' dir='ltr'><strong>the</strong></span> <span class='ocrx_word' id='word_1_21' title='bbox 666 612 764 662; x_wconf 76' lang='lat' dir='ltr'><strong>Romen</strong></span> <span class='ocrx_word' id='word_1_22' title='bbox 775 614 833 670; x_wconf 69' lang='lat' dir='ltr'><strong>loir,</strong></span> <span class='ocrx_word' id='word_1_23' title='bbox 845 612 900 663; x_wconf 85' lang='lat' dir='ltr'><strong>vid.</strong></span> <span class='ocrx_word' id='word_1_24' title='bbox 908 613 1014 664; x_wconf 78' lang='lat' dir='ltr'><strong>Adum&#39;s</strong></span> <span class='ocrx_word' id='word_1_25' title='bbox 1025 614 1123 666; x_wconf 82' lang='lat' dir='ltr'><strong>Romuu</strong></span> 
     </span>
     <span class='ocr_line' id='line_1_4' title="bbox 102 700 261 764; baseline 0 -14"><span class='ocrx_word' id='word_1_26' title='bbox 102 700 261 764; x_wconf 76' lang='lat' dir='ltr'><strong>Antiquitios</strong></span> 
     </span>
    </p>

    <p class='ocr_par' dir='ltr' id='par_1_3' title="bbox 136 781 986 849">
     <span class='ocr_line' id='line_1_5' title="bbox 136 781 986 849; baseline 0 -16"><span class='ocrx_word' id='word_1_27' title='bbox 136 784 345 849; x_wconf 69' lang='lat' dir='ltr'><strong><em>Philosophorum</em></strong></span> <span class='ocrx_word' id='word_1_28' title='bbox 354 783 456 848; x_wconf 80' lang='lat' dir='ltr'><strong>greges]</strong></span> <span class='ocrx_word' id='word_1_29' title='bbox 490 782 683 832; x_wconf 76' lang='lat' dir='ltr'>Innumerabiles</span> <span class='ocrx_word' id='word_1_30' title='bbox 693 781 890 846; x_wconf 85' lang='lat' dir='ltr'><strong>philosophomm</strong></span> <span class='ocrx_word' id='word_1_31' title='bbox 902 790 986 833; x_wconf 80' lang='lat' dir='ltr'><strong>sectus.</strong></span> 
     </span>
    </p>

    <p class='ocr_par' dir='ltr' id='par_1_4' title="bbox 102 866 1124 1016">
     <span class='ocr_line' id='line_1_6' title="bbox 136 866 1124 933; baseline 0.002 -17"><span class='ocrx_word' id='word_1_32' title='bbox 136 869 289 933; x_wconf 66' lang='lat' dir='ltr'><strong>Academia]</strong></span> <span class='ocrx_word' id='word_1_33' title='bbox 321 868 377 917; x_wconf 82' lang='lat' dir='ltr'><strong>&#39;I&#39;he</strong></span> <span class='ocrx_word' id='word_1_34' title='bbox 388 868 500 930; x_wconf 84' lang='lat' dir='ltr'><strong>disciplos</strong></span> <span class='ocrx_word' id='word_1_35' title='bbox 510 868 539 915; x_wconf 86' lang='lat' dir='ltr'><strong>ol</strong></span> <span class='ocrx_word' id='word_1_36' title='bbox 547 866 619 915; x_wconf 79' lang='lat' dir='ltr'><strong>Pluto</strong></span> <span class='ocrx_word' id='word_1_37' title='bbox 627 882 690 916; x_wconf 82' lang='lat' dir='ltr'><strong>were</strong></span> <span class='ocrx_word' id='word_1_38' title='bbox 702 868 781 915; x_wconf 88' lang='lat' dir='ltr'><strong>csllsd</strong></span> <span class='ocrx_word' id='word_1_39' title='bbox 789 867 947 926; x_wconf 74' lang='lat' dir='ltr'><strong>Academico,</strong></span> <span class='ocrx_word' id='word_1_40' title='bbox 955 869 1017 918; x_wconf 83' lang='lat' dir='ltr'><strong>from</strong></span> <span class='ocrx_word' id='word_1_41' title='bbox 1026 866 1124 917; x_wconf 67' lang='lat' dir='ltr'><strong>mode·</strong></span> 
     </span>
     <span class='ocr_line' id='line_1_7' title="bbox 102 950 925 1016; baseline -0.005 -14"><span class='ocrx_word' id='word_1_42' title='bbox 102 955 166 1010; x_wconf 80' lang='lat' dir='ltr'><strong>ntia,</strong></span> <span class='ocrx_word' id='word_1_43' title='bbox 177 954 222 1001; x_wconf 91' lang='lat' dir='ltr'><strong>the</strong></span> <span class='ocrx_word' id='word_1_44' title='bbox 232 954 303 1016; x_wconf 83' lang='lat' dir='ltr'><strong>ploce</strong></span> <span class='ocrx_word' id='word_1_45' title='bbox 314 953 340 1000; x_wconf 89' lang='lat' dir='ltr'><strong>in</strong></span> <span class='ocrx_word' id='word_1_46' title='bbox 348 952 447 1000; x_wconf 81' lang='lat' dir='ltr'><strong>Athens</strong></span> <span class='ocrx_word' id='word_1_47' title='bbox 458 952 539 1000; x_wconf 84' lang='lat' dir='ltr'><strong>where</strong></span> <span class='ocrx_word' id='word_1_48' title='bbox 551 951 622 999; x_wconf 82' lang='lat' dir='ltr'><strong>Pluto</strong></span> <span class='ocrx_word' id='word_1_49' title='bbox 633 966 696 1015; x_wconf 69' lang='lat' dir='ltr'><strong>gave</strong></span> <span class='ocrx_word' id='word_1_50' title='bbox 707 950 747 999; x_wconf 90' lang='lat' dir='ltr'><strong>bis</strong></span> <span class='ocrx_word' id='word_1_51' title='bbox 758 951 925 1000; x_wconf 82' lang='lat' dir='ltr'><strong>instructions.</strong></span> 
     </span>
    </p>

    <p class='ocr_par' dir='ltr' id='par_1_5' title="bbox 138 1035 1125 1100">
     <span class='ocr_line' id='line_1_8' title="bbox 138 1035 1125 1100; baseline 0.001 -14"><span class='ocrx_word' id='word_1_52' title='bbox 138 1037 174 1086; x_wconf 91' lang='lat' dir='ltr'><strong>In</strong></span> <span class='ocrx_word' id='word_1_53' title='bbox 185 1035 288 1100; x_wconf 79' lang='lat' dir='ltr'><strong><em>aliquod</em></strong></span> <span class='ocrx_word' id='word_1_54' title='bbox 296 1036 442 1100; x_wconf 86' lang='lat' dir='ltr'><strong>pistrinum]</strong></span> <span class='ocrx_word' id='word_1_55' title='bbox 477 1036 502 1084; x_wconf 87' lang='lat' dir='ltr'>A</span> <span class='ocrx_word' id='word_1_56' title='bbox 513 1035 648 1097; x_wconf 89' lang='lat' dir='ltr'><strong>metupbor,</strong></span> <span class='ocrx_word' id='word_1_57' title='bbox 658 1037 768 1100; x_wconf 75' lang='lat' dir='ltr'><strong>strongly</strong></span> <span class='ocrx_word' id='word_1_58' title='bbox 777 1035 917 1100; x_wconf 79' lang='lat' dir='ltr'><strong>expressing</strong></span> <span class='ocrx_word' id='word_1_59' title='bbox 927 1037 970 1086; x_wconf 89' lang='lat' dir='ltr'><strong>the</strong></span> <span class='ocrx_word' id='word_1_60' title='bbox 982 1038 1069 1086; x_wconf 86' lang='lat' dir='ltr'><strong>servile</strong></span> <span class='ocrx_word' id='word_1_61' title='bbox 1079 1053 1125 1087; x_wconf 78' lang='lat' dir='ltr'><strong>no·</strong></span> 
     </span>
    </p>
   </div>
   <div class='ocr_carea' id='block_1_3' title="bbox 2 1118 905 1199">
    <p class='ocr_par' dir='ltr' id='par_1_6' title="bbox 2 1118 905 1199">
     <span class='ocr_line' id='line_1_9' title="bbox 2 1118 905 1199; baseline -0.004 -28"><span class='ocrx_word' id='word_1_62' title='bbox 2 1194 3 1199; x_wconf 12' lang='grc'>1</span> <span class='ocrx_word' id='word_1_63' title='bbox 104 1129 161 1171; x_wconf 87' lang='lat' dir='ltr'><strong>ture</strong></span> <span class='ocrx_word' id='word_1_64' title='bbox 172 1123 200 1170; x_wconf 86' lang='lat' dir='ltr'><strong>of</strong></span> <span class='ocrx_word' id='word_1_65' title='bbox 209 1123 251 1170; x_wconf 88' lang='lat' dir='ltr'><strong>the</strong></span> <span class='ocrx_word' id='word_1_66' title='bbox 263 1121 429 1186; x_wconf 82' lang='lat' dir='ltr'><strong>employment</strong></span> <span class='ocrx_word' id='word_1_67' title='bbox 439 1118 522 1168; x_wconf 84' lang='lat' dir='ltr'><strong>which</strong></span> <span class='ocrx_word' id='word_1_68' title='bbox 535 1120 594 1184; x_wconf 86' lang='lat' dir='ltr'><strong>they</strong></span> <span class='ocrx_word' id='word_1_69' title='bbox 605 1118 715 1168; x_wconf 75' lang='lat' dir='ltr'><strong>ascribed</strong></span> <span class='ocrx_word' id='word_1_70' title='bbox 728 1126 753 1168; x_wconf 88' lang='lat' dir='ltr'><strong>to</strong></span> <span class='ocrx_word' id='word_1_71' title='bbox 765 1121 807 1168; x_wconf 88' lang='lat' dir='ltr'><strong>the</strong></span> <span class='ocrx_word' id='word_1_72' title='bbox 819 1126 905 1169; x_wconf 86' lang='lat' dir='ltr'><strong>orutor.</strong></span> 
     </span>
    </p>
   </div>
   <div class='ocr_carea' id='block_1_4' title="bbox 105 1202 1127 1777">
    <p class='ocr_par' dir='ltr' id='par_1_7' title="bbox 105 1202 1126 1354">
     <span class='ocr_line' id='line_1_10' title="bbox 139 1202 1126 1276; baseline 0.001 -21"><span class='ocrx_word' id='word_1_73' title='bbox 139 1206 176 1256; x_wconf 88' lang='lat' dir='ltr'><strong>In</strong></span> <span class='ocrx_word' id='word_1_74' title='bbox 187 1204 325 1255; x_wconf 84' lang='lat' dir='ltr'><strong>oratoribus</strong></span> <span class='ocrx_word' id='word_1_75' title='bbox 337 1202 482 1266; x_wconf 81' lang='lat' dir='ltr'><strong>irridendis]</strong></span> <span class='ocrx_word' id='word_1_76' title='bbox 517 1203 595 1260; x_wconf 83' lang='lat' dir='ltr'><strong>Pluto,</strong></span> <span class='ocrx_word' id='word_1_77' title='bbox 608 1203 768 1261; x_wconf 71' lang='lat' dir='ltr'><strong>horrescunt</strong></span> <span class='ocrx_word' id='word_1_78' title='bbox 784 1205 821 1253; x_wconf 88' lang='lat' dir='ltr'><strong>his</strong></span> <span class='ocrx_word' id='word_1_79' title='bbox 836 1204 950 1269; x_wconf 74' lang='lat' dir='ltr'><strong>Gorgias,</strong></span> <span class='ocrx_word' id='word_1_80' title='bbox 962 1206 1050 1255; x_wconf 81' lang='lat' dir='ltr'><strong>melreo</strong></span> <span class='ocrx_word' id='word_1_81' title='bbox 1066 1207 1126 1276; x_wconf 65' lang='lat' dir='ltr'><strong>only</strong></span> 
     </span>
     <span class='ocr_line' id='line_1_11' title="bbox 105 1287 641 1354; baseline -0.007 -14"><span class='ocrx_word' id='word_1_82' title='bbox 105 1292 171 1340; x_wconf 79' lang='lat' dir='ltr'><strong>sulse</strong></span> <span class='ocrx_word' id='word_1_83' title='bbox 182 1289 287 1339; x_wconf 86' lang='lat' dir='ltr'><strong>rhetorio</strong></span> <span class='ocrx_word' id='word_1_84' title='bbox 298 1291 341 1338; x_wconf 88' lang='lat' dir='ltr'><strong>tho</strong></span> <span class='ocrx_word' id='word_1_85' title='bbox 352 1289 471 1354; x_wconf 80' lang='lat' dir='ltr'><strong>objectos</strong></span> <span class='ocrx_word' id='word_1_86' title='bbox 479 1287 518 1337; x_wconf 91' lang='lat' dir='ltr'><strong>his</strong></span> <span class='ocrx_word' id='word_1_87' title='bbox 529 1287 641 1336; x_wconf 83' lang='lat' dir='ltr'><strong>derision</strong></span> 
     </span>
    </p>

    <p class='ocr_par' dir='ltr' id='par_1_8' title="bbox 143 1357 748 1434">
     <span class='ocr_line' id='line_1_12' title="bbox 143 1357 748 1434; baseline -0.005 -11"><span class='ocrx_word' id='word_1_88' title='bbox 143 1357 220 1423; x_wconf 69' lang='lat' dir='ltr'><strong>Verbi</strong></span> <span class='ocrx_word' id='word_1_89' title='bbox 230 1375 295 1423; x_wconf 84' lang='lat' dir='ltr'><strong>enim</strong></span> <span class='ocrx_word' id='word_1_90' title='bbox 306 1372 481 1434; x_wconf 82' lang='lat' dir='ltr'><strong>controuersia]</strong></span> <span class='ocrx_word' id='word_1_91' title='bbox 515 1373 540 1421; x_wconf 87' lang='lat' dir='ltr'>A</span> <span class='ocrx_word' id='word_1_92' title='bbox 550 1372 633 1421; x_wconf 84' lang='lat' dir='ltr'><strong>verbul</strong></span> <span class='ocrx_word' id='word_1_93' title='bbox 645 1372 748 1434; x_wconf 84' lang='lat' dir='ltr'><strong>disputo.</strong></span> 
     </span>
    </p>

    <p class='ocr_par' dir='ltr' id='par_1_9' title="bbox 106 1456 1126 1593">
     <span class='ocr_line' id='line_1_13' title="bbox 141 1456 1126 1524; baseline 0.001 -17"><span class='ocrx_word' id='word_1_94' title='bbox 141 1459 211 1508; x_wconf 81' lang='lat' dir='ltr'><strong>Seot.</strong></span> <span class='ocrx_word' id='word_1_95' title='bbox 224 1461 262 1506; x_wconf 90' lang='lat'><strong>11.</strong></span> <span class='ocrx_word' id='word_1_96' title='bbox 287 1457 394 1508; x_wconf 71' lang='lat' dir='ltr'><strong>Critolai</strong></span> <span class='ocrx_word' id='word_1_97' title='bbox 405 1456 529 1519; x_wconf 77' lang='lat' dir='ltr'><strong>Didonis]</strong></span> <span class='ocrx_word' id='word_1_98' title='bbox 563 1456 619 1506; x_wconf 85' lang='lat' dir='ltr'><strong>The</strong></span> <span class='ocrx_word' id='word_1_99' title='bbox 630 1463 684 1506; x_wconf 86' lang='lat' dir='ltr'><strong>true</strong></span> <span class='ocrx_word' id='word_1_100' title='bbox 694 1456 799 1521; x_wconf 71' lang='lat' dir='ltr'><strong>reading</strong></span> <span class='ocrx_word' id='word_1_101' title='bbox 809 1458 926 1524; x_wconf 78' lang='lat' dir='ltr'><strong>probably</strong></span> <span class='ocrx_word' id='word_1_102' title='bbox 936 1458 965 1516; x_wconf 81' lang='lat' dir='ltr'><strong>lo,</strong></span> <span class='ocrx_word' id='word_1_103' title='bbox 977 1463 994 1488; x_wconf 89' lang='lat'><strong>“</strong></span> <span class='ocrx_word' id='word_1_104' title='bbox 1002 1458 1126 1509; x_wconf 72' lang='lat' dir='ltr'><strong>Critolaus</strong></span> 
     </span>
     <span class='ocr_line' id='line_1_14' title="bbox 106 1544 363 1593; baseline 0 -1"><span class='ocrx_word' id='word_1_105' title='bbox 106 1549 134 1593; x_wconf 86' lang='lat' dir='ltr'><strong>et</strong></span> <span class='ocrx_word' id='word_1_106' title='bbox 145 1544 277 1593; x_wconf 82' lang='lat' dir='ltr'><strong>Didonrs.&#39;’</strong></span> <span class='ocrx_word' id='word_1_107' title='bbox 356 1564 363 1572; x_wconf 91' lang='lat'>·</span> 
     </span>
    </p>

    <p class='ocr_par' dir='ltr' id='par_1_10' title="bbox 140 1625 496 1691">
     <span class='ocr_line' id='line_1_15' title="bbox 140 1625 496 1691; baseline -0.006 -15"><span class='ocrx_word' id='word_1_108' title='bbox 140 1627 243 1691; x_wconf 81' lang='lat' dir='ltr'><strong>Jejuno]</strong></span> <span class='ocrx_word' id='word_1_109' title='bbox 277 1625 359 1675; x_wconf 86' lang='lat' dir='ltr'><strong>Nimis</strong></span> <span class='ocrx_word' id='word_1_110' title='bbox 370 1625 496 1676; x_wconf 73' lang='lat' dir='ltr'><strong>subtiliter.</strong></span> 
     </span>
    </p>

    <p class='ocr_par' dir='ltr' id='par_1_11' title="bbox 140 1708 1127 1777">
     <span class='ocr_line' id='line_1_16' title="bbox 140 1708 1127 1777; baseline -0.001 -14"><span class='ocrx_word' id='word_1_111' title='bbox 140 1711 309 1777; x_wconf 70' lang='lat' dir='ltr'><strong>Philosophia</strong></span> <span class='ocrx_word' id='word_1_112' title='bbox 320 1727 370 1760; x_wconf 90' lang='lat' dir='ltr'><strong>non</strong></span> <span class='ocrx_word' id='word_1_113' title='bbox 380 1709 543 1773; x_wconf 77' lang='lat' dir='ltr'><strong>satisfecisse]</strong></span> <span class='ocrx_word' id='word_1_114' title='bbox 578 1709 666 1772; x_wconf 87' lang='lat' dir='ltr'><strong>Neque</strong></span> <span class='ocrx_word' id='word_1_115' title='bbox 676 1708 766 1759; x_wconf 88' lang='lat' dir='ltr'><strong>idcirco</strong></span> <span class='ocrx_word' id='word_1_116' title='bbox 775 1725 825 1759; x_wconf 87' lang='lat' dir='ltr'><strong>non</strong></span> <span class='ocrx_word' id='word_1_117' title='bbox 835 1711 910 1760; x_wconf 72' lang='lat' dir='ltr'><strong>fuine</strong></span> <span class='ocrx_word' id='word_1_118' title='bbox 918 1711 1009 1761; x_wconf 91' lang='lat' dir='ltr'><strong>bonum</strong></span> <span class='ocrx_word' id='word_1_119' title='bbox 1020 1711 1127 1775; x_wconf 85' lang='lat' dir='ltr'><strong>philoso-</strong></span> 
     </span>
    </p>
   </div>
   <div class='ocr_carea' id='block_1_5' title="bbox 1 1773 194 1861">
    <p class='ocr_par' dir='ltr' id='par_1_12' title="bbox 1 1773 194 1861">
     <span class='ocr_line' id='line_1_17' title="bbox 1 1773 194 1861; baseline 0.01 -17"><span class='ocrx_word' id='word_1_120' title='bbox 1 1773 2 1844; x_wconf 20' lang='grc' dir='ltr'>ἶ</span> <span class='ocrx_word' id='word_1_121' title='bbox 107 1796 194 1861; x_wconf 89' lang='lat' dir='ltr'><strong>phum.</strong></span> 
     </span>
    </p>
   </div>
   <div class='ocr_carea' id='block_1_6' title="bbox 142 1850 1128 1945">
    <p class='ocr_par' dir='ltr' id='par_1_13' title="bbox 142 1850 1128 1945">
     <span class='ocr_line' id='line_1_18' title="bbox 142 1850 1128 1945; baseline 0.001 -16"><span class='ocrx_word' id='word_1_122' title='bbox 142 1882 210 1929; x_wconf 69' lang='lat' dir='ltr'><strong>soet</strong></span> <span class='ocrx_word' id='word_1_123' title='bbox 223 1880 261 1928; x_wconf 78' lang='lat'><strong>12.</strong></span> <span class='ocrx_word' id='word_1_124' title='bbox 285 1879 422 1942; x_wconf 65' lang='lat' dir='ltr'><strong>uxorum]</strong></span> <span class='ocrx_word' id='word_1_125' title='bbox 457 1878 582 1936; x_wconf 60' lang='lat' dir='ltr'><strong>resisto,</strong></span> <span class='ocrx_word' id='word_1_126' title='bbox 598 1879 675 1928; x_wconf 75' lang='lat' dir='ltr'><strong>nimie</strong></span> <span class='ocrx_word' id='word_1_127' title='bbox 692 1878 800 1929; x_wconf 70' lang='lat' dir='ltr'><strong>neue·</strong></span> <span class='ocrx_word' id='word_1_128' title='bbox 815 1877 842 1928; x_wconf 77' lang='lat' dir='ltr'><strong>in</strong></span> <span class='ocrx_word' id='word_1_129' title='bbox 857 1879 976 1941; x_wconf 53' lang='lat' dir='ltr'><strong>nemon</strong></span> <span class='ocrx_word' id='word_1_130' title='bbox 998 1850 1128 1945; x_wconf 54' lang='lat' dir='ltr'><strong>oppam</strong></span> 
     </span>
    </p>
   </div>
   <div class='ocr_carea' id='block_1_7' title="bbox 1 1957 499 2026">
    <p class='ocr_par' dir='ltr' id='par_1_14' title="bbox 1 1957 499 2026">
     <span class='ocr_line' id='line_1_19' title="bbox 1 1957 499 2026; baseline -0.006 -11"><span class='ocrx_word' id='word_1_131' title='bbox 1 1957 6 1978; x_wconf 69' lang='lat'>⁵</span> <span class='ocrx_word' id='word_1_132' title='bbox 107 1965 215 2015; x_wconf 78' lang='lat' dir='ltr'><strong>ubertati</strong></span> <span class='ocrx_word' id='word_1_133' title='bbox 226 1964 253 2013; x_wconf 87' lang='lat' dir='ltr'><strong>in</strong></span> <span class='ocrx_word' id='word_1_134' title='bbox 263 1964 366 2013; x_wconf 87' lang='lat' dir='ltr'><strong>dicendo</strong></span> <span class='ocrx_word' id='word_1_135' title='bbox 378 1970 404 2012; x_wconf 89' lang='lat' dir='ltr'><strong>et</strong></span> <span class='ocrx_word' id='word_1_136' title='bbox 416 1963 499 2026; x_wconf 74' lang='lat' dir='ltr'><strong>copim.</strong></span> 
     </span>
    </p>
   </div>
   <div class='ocr_carea' id='block_1_8' title="bbox 108 2035 1174 2700">
    <p class='ocr_par' dir='ltr' id='par_1_15' title="bbox 145 2035 935 2113">
     <span class='ocr_line' id='line_1_20' title="bbox 145 2035 935 2113; baseline -0.003 -15"><span class='ocrx_word' id='word_1_137' title='bbox 145 2049 311 2113; x_wconf 70' lang='lat' dir='ltr'><strong>compositum</strong></span> <span class='ocrx_word' id='word_1_138' title='bbox 323 2048 466 2110; x_wconf 82' lang='lat' dir='ltr'><strong>orationem]</strong></span> <span class='ocrx_word' id='word_1_139' title='bbox 501 2047 532 2097; x_wconf 95' lang='lat' dir='ltr'><strong>Id</strong></span> <span class='ocrx_word' id='word_1_140' title='bbox 543 2035 589 2106; x_wconf 80' lang='lat' dir='ltr'><strong>est,</strong></span> <span class='ocrx_word' id='word_1_141' title='bbox 601 2053 722 2096; x_wconf 81' lang='lat' dir='ltr'><strong>structum</strong></span> <span class='ocrx_word' id='word_1_142' title='bbox 733 2053 759 2095; x_wconf 93' lang='lat' dir='ltr'><strong>et</strong></span> <span class='ocrx_word' id='word_1_143' title='bbox 770 2061 935 2096; x_wconf 81' lang='lat' dir='ltr'><strong>numerosum.</strong></span> 
     </span>
    </p>

    <p class='ocr_par' dir='ltr' id='par_1_16' title="bbox 108 2131 1174 2280">
     <span class='ocr_line' id='line_1_21' title="bbox 144 2131 1174 2199; baseline 0.001 -17"><span class='ocrx_word' id='word_1_144' title='bbox 144 2133 283 2194; x_wconf 79' lang='lat' dir='ltr'><strong>Didicerit]</strong></span> <span class='ocrx_word' id='word_1_145' title='bbox 317 2132 421 2182; x_wconf 81' lang='lat' dir='ltr'><strong>Discere</strong></span> <span class='ocrx_word' id='word_1_146' title='bbox 433 2148 535 2181; x_wconf 75' lang='lat' dir='ltr'><strong>causum</strong></span> <span class='ocrx_word' id='word_1_147' title='bbox 547 2131 637 2180; x_wconf 86' lang='lat' dir='ltr'><strong>dicitur</strong></span> <span class='ocrx_word' id='word_1_148' title='bbox 647 2138 774 2195; x_wconf 77' lang='lat' dir='ltr'><strong>patronus,</strong></span> <span class='ocrx_word' id='word_1_149' title='bbox 782 2131 822 2194; x_wconf 89' lang='lat' dir='ltr'><strong>qui</strong></span> <span class='ocrx_word' id='word_1_150' title='bbox 833 2133 953 2182; x_wconf 82' lang='lat' dir='ltr'><strong>rationem</strong></span> <span class='ocrx_word' id='word_1_151' title='bbox 965 2148 1071 2183; x_wconf 77' lang='lat' dir='ltr'><strong>consue</strong></span> <span class='ocrx_word' id='word_1_152' title='bbox 1082 2131 1127 2183; x_wconf 87' lang='lat' dir='ltr'><strong>cli·</strong></span> <span class='ocrx_word' id='word_1_153' title='bbox 1170 2190 1174 2199; x_wconf 37' lang='grc' dir='ltr'>Ι</span> 
     </span>
     <span class='ocr_line' id='line_1_22' title="bbox 108 2210 1173 2280; baseline -0.004 -13"><span class='ocrx_word' id='word_1_154' title='bbox 108 2218 175 2268; x_wconf 87' lang='lat' dir='ltr'><strong>eutis</strong></span> <span class='ocrx_word' id='word_1_155' title='bbox 185 2216 325 2266; x_wconf 73' lang='lat' dir='ltr'><strong>narratione</strong></span> <span class='ocrx_word' id='word_1_156' title='bbox 337 2217 470 2280; x_wconf 71' lang='lat' dir='ltr'><strong>cognoscit,</strong></span> <span class='ocrx_word' id='word_1_157' title='bbox 482 2215 560 2264; x_wconf 86' lang='lat' dir='ltr'><strong>cliens</strong></span> <span class='ocrx_word' id='word_1_158' title='bbox 572 2222 659 2264; x_wconf 81' lang='lat' dir='ltr'><strong>contro</strong></span> <span class='ocrx_word' id='word_1_159' title='bbox 671 2215 763 2265; x_wconf 78' lang='lat' dir='ltr'><strong>docere.</strong></span> <span class='ocrx_word' id='word_1_160' title='bbox 1105 2210 1114 2223; x_wconf 90' lang='lat'>&#39;</span> <span class='ocrx_word' id='word_1_161' title='bbox 1139 2214 1144 2221; x_wconf 69' lang='grc'>”</span> <span class='ocrx_word' id='word_1_162' title='bbox 1168 2215 1173 2222; x_wconf 92' lang='grc'><em>’</em></span> 
     </span>
    </p>

    <p class='ocr_par' dir='ltr' id='par_1_17' title="bbox 146 2299 945 2365">
     <span class='ocr_line' id='line_1_23' title="bbox 146 2299 945 2365; baseline -0.001 -16"><span class='ocrx_word' id='word_1_163' title='bbox 146 2299 349 2365; x_wconf 80' lang='lat' dir='ltr'><strong>Quoe-—puod</strong></span> <span class='ocrx_word' id='word_1_164' title='bbox 360 2301 432 2357; x_wconf 80' lang='lat' dir='ltr'><strong>uolet,</strong></span> <span class='ocrx_word' id='word_1_165' title='bbox 441 2299 558 2365; x_wconf 76' lang='lat' dir='ltr'><strong>perficere</strong></span> <span class='ocrx_word' id='word_1_166' title='bbox 569 2315 618 2348; x_wconf 90' lang='lat' dir='ltr'><strong>non</strong></span> <span class='ocrx_word' id='word_1_167' title='bbox 626 2301 729 2365; x_wconf 81' lang='lat' dir='ltr'><strong>poterit]</strong></span> <span class='ocrx_word' id='word_1_168' title='bbox 763 2299 945 2350; x_wconf 80' lang='lat' dir='ltr'><strong>Anucolutbon.</strong></span> 
     </span>
    </p>

    <p class='ocr_par' dir='ltr' id='par_1_18' title="bbox 108 2383 1128 2533">
     <span class='ocr_line' id='line_1_24' title="bbox 144 2383 1128 2450; baseline 0.001 -16"><span class='ocrx_word' id='word_1_169' title='bbox 144 2387 212 2434; x_wconf 83' lang='lat' dir='ltr'><strong>Seot.</strong></span> <span class='ocrx_word' id='word_1_170' title='bbox 226 2385 263 2432; x_wconf 87' lang='grc'><strong>13.</strong></span> <span class='ocrx_word' id='word_1_171' title='bbox 290 2384 379 2433; x_wconf 82' lang='lat' dir='ltr'><strong>Totum</strong></span> <span class='ocrx_word' id='word_1_172' title='bbox 390 2386 425 2432; x_wconf 86' lang='lat' dir='ltr'><strong>sit</strong></span> <span class='ocrx_word' id='word_1_173' title='bbox 436 2400 452 2432; x_wconf 87' lang='lat' dir='ltr'><strong>o</strong></span> <span class='ocrx_word' id='word_1_174' title='bbox 464 2383 511 2445; x_wconf 89' lang='lat' dir='ltr'><strong>me]</strong></span> <span class='ocrx_word' id='word_1_175' title='bbox 546 2385 585 2433; x_wconf 87' lang='lat' dir='ltr'><strong>Sit</strong></span> <span class='ocrx_word' id='word_1_176' title='bbox 595 2385 716 2446; x_wconf 90' lang='lat' dir='ltr'><strong>proprium</strong></span> <span class='ocrx_word' id='word_1_177' title='bbox 728 2383 788 2433; x_wconf 77' lang='lat' dir='ltr'><strong>ortis</strong></span> <span class='ocrx_word' id='word_1_178' title='bbox 801 2400 863 2432; x_wconf 77' lang='lat' dir='ltr'><strong>mem</strong></span> <span class='ocrx_word' id='word_1_179' title='bbox 874 2384 992 2433; x_wconf 68' lang='lat' dir='ltr'><strong>oratorie.</strong></span> <span class='ocrx_word' id='word_1_180' title='bbox 1012 2384 1128 2450; x_wconf 32' lang='lat' dir='ltr'><strong>*wholly</strong></span> 
     </span>
     <span class='ocr_line' id='line_1_25' title="bbox 108 2470 279 2533; baseline -0.023 -13"><span class='ocrx_word' id='word_1_181' title='bbox 108 2470 137 2520; x_wconf 92' lang='lat' dir='ltr'><strong>in</strong></span> <span class='ocrx_word' id='word_1_182' title='bbox 148 2485 193 2533; x_wconf 85' lang='lat' dir='ltr'><strong>my</strong></span> <span class='ocrx_word' id='word_1_183' title='bbox 204 2472 279 2519; x_wconf 76' lang='lat' dir='ltr'><strong>lavor.</strong></span> 
     </span>
    </p>

    <p class='ocr_par' dir='ltr' id='par_1_19' title="bbox 108 2549 1127 2700">
     <span class='ocr_line' id='line_1_26' title="bbox 144 2549 1127 2617; baseline -0.003 -13"><span class='ocrx_word' id='word_1_184' title='bbox 144 2555 179 2604; x_wconf 86' lang='lat' dir='ltr'><strong>In</strong></span> <span class='ocrx_word' id='word_1_185' title='bbox 190 2553 289 2603; x_wconf 78' lang='lat' dir='ltr'><strong>ordines</strong></span> <span class='ocrx_word' id='word_1_186' title='bbox 300 2559 386 2601; x_wconf 68' lang='lat' dir='ltr'><strong>utatis</strong></span> <span class='ocrx_word' id='word_1_187' title='bbox 400 2552 533 2617; x_wconf 82' lang='lat' dir='ltr'><strong>descripto]</strong></span> <span class='ocrx_word' id='word_1_188' title='bbox 569 2550 678 2600; x_wconf 77' lang='lat' dir='ltr'><strong>Ordines</strong></span> <span class='ocrx_word' id='word_1_189' title='bbox 693 2558 752 2599; x_wconf 89' lang='lat' dir='ltr'><strong>sunt</strong></span> <span class='ocrx_word' id='word_1_190' title='bbox 767 2549 925 2613; x_wconf 76' lang='lat' dir='ltr'><strong>patriciorum</strong></span> <span class='ocrx_word' id='word_1_191' title='bbox 940 2557 967 2599; x_wconf 88' lang='lat' dir='ltr'><strong>et</strong></span> <span class='ocrx_word' id='word_1_192' title='bbox 984 2552 1127 2613; x_wconf 88' lang='lat' dir='ltr'><strong>plebiorum,</strong></span> 
     </span>
     <span class='ocr_line' id='line_1_27' title="bbox 108 2635 1127 2700; baseline -0.003 -12"><span class='ocrx_word' id='word_1_193' title='bbox 108 2645 219 2695; x_wconf 75' lang='lat' dir='ltr'><strong>senatus,</strong></span> <span class='ocrx_word' id='word_1_194' title='bbox 230 2637 349 2700; x_wconf 89' lang='lat' dir='ltr'><strong>equitum,</strong></span> <span class='ocrx_word' id='word_1_195' title='bbox 360 2637 444 2699; x_wconf 89' lang='lat' dir='ltr'><strong>plebis,</strong></span> <span class='ocrx_word' id='word_1_196' title='bbox 456 2636 517 2685; x_wconf 83' lang='lat' dir='ltr'><strong>item</strong></span> <span class='ocrx_word' id='word_1_197' title='bbox 529 2638 621 2685; x_wconf 78' lang='lat' dir='ltr'><strong>classes</strong></span> <span class='ocrx_word' id='word_1_198' title='bbox 636 2636 663 2683; x_wconf 91' lang='lat' dir='ltr'><strong>in</strong></span> <span class='ocrx_word' id='word_1_199' title='bbox 675 2650 766 2684; x_wconf 86' lang='lat' dir='ltr'><strong>censu:</strong></span> <span class='ocrx_word' id='word_1_200' title='bbox 784 2641 871 2682; x_wconf 81' lang='lat' dir='ltr'><strong>oetotos</strong></span> <span class='ocrx_word' id='word_1_201' title='bbox 881 2635 1003 2696; x_wconf 69' lang='lat' dir='ltr'><strong>pertinum</strong></span> <span class='ocrx_word' id='word_1_202' title='bbox 1015 2637 1048 2683; x_wconf 85' lang='lat' dir='ltr'><strong>ud</strong></span> <span class='ocrx_word' id='word_1_203' title='bbox 1061 2636 1127 2699; x_wconf 85' lang='lat' dir='ltr'><strong>juni·</strong></span> 
     </span>
    </p>
   </div>
   <div class='ocr_carea' id='block_1_9' title="bbox 46 2722 321 2772">
    <p class='ocr_par' dir='ltr' id='par_1_20' title="bbox 46 2722 321 2772">
     <span class='ocr_line' id='line_1_28' title="bbox 46 2722 321 2772; baseline -0.011 1"><span class='ocrx_word' id='word_1_204' title='bbox 46 2742 48 2749; x_wconf 49' lang='lat'>‘</span> <span class='ocrx_word' id='word_1_205' title='bbox 110 2739 165 2772; x_wconf 86' lang='lat' dir='ltr'><strong>ores</strong></span> <span class='ocrx_word' id='word_1_206' title='bbox 175 2728 201 2770; x_wconf 86' lang='lat' dir='ltr'><strong>et</strong></span> <span class='ocrx_word' id='word_1_207' title='bbox 211 2722 321 2771; x_wconf 75' lang='lat' dir='ltr'><strong>seniores</strong></span> 
     </span>
    </p>
   </div>
   <div class='ocr_carea' id='block_1_10' title="bbox 111 2803 1130 3915">
    <p class='ocr_par' dir='ltr' id='par_1_21' title="bbox 145 2803 613 2867">
     <span class='ocr_line' id='line_1_29' title="bbox 145 2803 613 2867; baseline -0.006 -12"><span class='ocrx_word' id='word_1_208' title='bbox 145 2807 241 2856; x_wconf 83' lang='lat' dir='ltr'><strong>Dicant</strong></span> <span class='ocrx_word' id='word_1_209' title='bbox 253 2806 291 2854; x_wconf 80' lang='lat' dir='ltr'><strong>ool</strong></span> <span class='ocrx_word' id='word_1_210' title='bbox 304 2805 395 2866; x_wconf 71' lang='lat' dir='ltr'><strong>Groui]</strong></span> <span class='ocrx_word' id='word_1_211' title='bbox 413 2806 467 2854; x_wconf 78' lang='lat' dir='ltr'><strong>said</strong></span> <span class='ocrx_word' id='word_1_212' title='bbox 477 2803 613 2867; x_wconf 81' lang='lat' dir='ltr'><strong>ironicully.</strong></span> 
     </span>
    </p>

    <p class='ocr_par' dir='ltr' id='par_1_22' title="bbox 111 2886 1128 3036">
     <span class='ocr_line' id='line_1_30' title="bbox 146 2886 1128 2952; baseline -0.002 -12"><span class='ocrx_word' id='word_1_213' title='bbox 146 2892 212 2940; x_wconf 81' lang='lat' dir='ltr'><strong>Soet</strong></span> <span class='ocrx_word' id='word_1_214' title='bbox 225 2891 263 2938; x_wconf 82' lang='lat'><strong>14.</strong></span> <span class='ocrx_word' id='word_1_215' title='bbox 287 2889 374 2938; x_wconf 80' lang='lat' dir='ltr'><strong>Minus</strong></span> <span class='ocrx_word' id='word_1_216' title='bbox 389 2889 432 2937; x_wconf 82' lang='lat' dir='ltr'><strong>iro</strong></span> <span class='ocrx_word' id='word_1_217' title='bbox 449 2888 516 2936; x_wconf 83' lang='lat' dir='ltr'><strong>uobis</strong></span> <span class='ocrx_word' id='word_1_218' title='bbox 534 2890 581 2937; x_wconf 83' lang='lat' dir='ltr'><strong>sim</strong></span> <span class='ocrx_word' id='word_1_219' title='bbox 595 2887 756 2952; x_wconf 81' lang='lat' dir='ltr'><strong>probaturus]</strong></span> <span class='ocrx_word' id='word_1_220' title='bbox 791 2886 908 2936; x_wconf 74' lang='lat' dir='ltr'><strong>Fortasse</strong></span> <span class='ocrx_word' id='word_1_221' title='bbox 926 2888 974 2937; x_wconf 92' lang='lat' dir='ltr'><strong>hoc</strong></span> <span class='ocrx_word' id='word_1_222' title='bbox 989 2888 1056 2950; x_wconf 87' lang='lat' dir='ltr'><strong>quod</strong></span> <span class='ocrx_word' id='word_1_223' title='bbox 1073 2902 1128 2938; x_wconf 86' lang='lat' dir='ltr'><strong>sum</strong></span> 
     </span>
     <span class='ocr_line' id='line_1_31' title="bbox 111 2972 781 3036; baseline -0.007 -11"><span class='ocrx_word' id='word_1_224' title='bbox 111 2975 231 3032; x_wconf 86' lang='lat' dir='ltr'><strong>dicturus,</strong></span> <span class='ocrx_word' id='word_1_225' title='bbox 242 2989 291 3022; x_wconf 88' lang='lat' dir='ltr'><strong>non</strong></span> <span class='ocrx_word' id='word_1_226' title='bbox 302 2974 400 3036; x_wconf 86' lang='lat' dir='ltr'><strong>perinde</strong></span> <span class='ocrx_word' id='word_1_227' title='bbox 412 2988 442 3021; x_wconf 82' lang='lat' dir='ltr'><strong>sc</strong></span> <span class='ocrx_word' id='word_1_228' title='bbox 455 2972 578 3034; x_wconf 77' lang='lat' dir='ltr'><strong>superiore</strong></span> <span class='ocrx_word' id='word_1_229' title='bbox 588 2973 658 3022; x_wconf 85' lang='lat' dir='ltr'><strong>vobis</strong></span> <span class='ocrx_word' id='word_1_230' title='bbox 669 2974 781 3035; x_wconf 75' lang='lat' dir='ltr'><strong>probabo.</strong></span> 
     </span>
    </p>

    <p class='ocr_par' dir='ltr' id='par_1_23' title="bbox 145 3056 706 3121">
     <span class='ocr_line' id='line_1_32' title="bbox 145 3056 706 3121; baseline -0.007 -12"><span class='ocrx_word' id='word_1_231' title='bbox 145 3061 215 3109; x_wconf 84' lang='lat' dir='ltr'><strong>Seot.</strong></span> <span class='ocrx_word' id='word_1_232' title='bbox 229 3060 266 3107; x_wconf 86' lang='grc'><strong>15.</strong></span> <span class='ocrx_word' id='word_1_233' title='bbox 291 3057 440 3121; x_wconf 80' lang='lat' dir='ltr'><strong>Composito]</strong></span> <span class='ocrx_word' id='word_1_234' title='bbox 475 3056 607 3121; x_wconf 84' lang='lat' dir='ltr'><strong>Disposite,</strong></span> <span class='ocrx_word' id='word_1_235' title='bbox 615 3059 706 3106; x_wconf 80' lang='lat' dir='ltr'><strong>ordine</strong></span> 
     </span>
    </p>

    <p class='ocr_par' dir='ltr' id='par_1_24' title="bbox 149 3142 433 3204">
     <span class='ocr_line' id='line_1_33' title="bbox 149 3142 433 3204; baseline -0.014 -12"><span class='ocrx_word' id='word_1_236' title='bbox 149 3142 255 3204; x_wconf 80' lang='lat' dir='ltr'><strong>Tenebo]</strong></span> <span class='ocrx_word' id='word_1_237' title='bbox 289 3142 433 3190; x_wconf 81' lang='lat' dir='ltr'><strong>Affirmobo.</strong></span> 
     </span>
    </p>

    <p class='ocr_par' dir='ltr' id='par_1_25' title="bbox 113 3223 1128 3374">
     <span class='ocr_line' id='line_1_34' title="bbox 145 3223 1128 3290; baseline -0.006 -12"><span class='ocrx_word' id='word_1_238' title='bbox 145 3229 182 3278; x_wconf 76' lang='lat' dir='ltr'><strong>In</strong></span> <span class='ocrx_word' id='word_1_239' title='bbox 191 3234 288 3276; x_wconf 76' lang='lat' dir='ltr'><strong>nature</strong></span> <span class='ocrx_word' id='word_1_240' title='bbox 299 3225 484 3286; x_wconf 81' lang='lat' dir='ltr'><strong>obscuritatem]</strong></span> <span class='ocrx_word' id='word_1_241' title='bbox 519 3226 550 3274; x_wconf 83' lang='lat' dir='ltr'><strong>Iu</strong></span> <span class='ocrx_word' id='word_1_242' title='bbox 566 3225 704 3290; x_wconf 78' lang='lat' dir='ltr'><strong>physicam,</strong></span> <span class='ocrx_word' id='word_1_243' title='bbox 717 3240 772 3287; x_wconf 72' lang='lat' dir='ltr'><strong>quse</strong></span> <span class='ocrx_word' id='word_1_244' title='bbox 789 3225 893 3273; x_wconf 85' lang='lat' dir='ltr'><strong>obscure</strong></span> <span class='ocrx_word' id='word_1_245' title='bbox 904 3230 957 3283; x_wconf 81' lang='lat' dir='ltr'><strong>est3</strong></span> <span class='ocrx_word' id='word_1_246' title='bbox 976 3224 1003 3273; x_wconf 88' lang='lat' dir='ltr'><strong>in</strong></span> <span class='ocrx_word' id='word_1_247' title='bbox 1018 3223 1128 3274; x_wconf 74' lang='lat' dir='ltr'><strong>didcoss·</strong></span> 
     </span>
     <span class='ocr_line' id='line_1_35' title="bbox 113 3307 773 3374; baseline -0.012 -11"><span class='ocrx_word' id='word_1_248' title='bbox 113 3330 178 3372; x_wconf 83' lang='lat' dir='ltr'><strong>cem,</strong></span> <span class='ocrx_word' id='word_1_249' title='bbox 191 3328 244 3374; x_wconf 81' lang='lat' dir='ltr'><strong>quse</strong></span> <span class='ocrx_word' id='word_1_250' title='bbox 256 3309 368 3367; x_wconf 87' lang='lat' dir='ltr'><strong>subtilis;</strong></span> <span class='ocrx_word' id='word_1_251' title='bbox 384 3316 409 3358; x_wconf 87' lang='lat' dir='ltr'><strong>et</strong></span> <span class='ocrx_word' id='word_1_252' title='bbox 420 3310 445 3359; x_wconf 89' lang='lat' dir='ltr'><strong>in</strong></span> <span class='ocrx_word' id='word_1_253' title='bbox 457 3311 574 3358; x_wconf 75' lang='lat' dir='ltr'><strong>moralem</strong></span> <span class='ocrx_word' id='word_1_254' title='bbox 586 3307 773 3373; x_wconf 79' lang='lat' dir='ltr'><strong>philosophiam.</strong></span> 
     </span>
    </p>

    <p class='ocr_par' dir='ltr' id='par_1_26' title="bbox 145 3389 999 3459">
     <span class='ocr_line' id='line_1_36' title="bbox 145 3389 999 3459; baseline -0.011 -12"><span class='ocrx_word' id='word_1_255' title='bbox 145 3397 300 3459; x_wconf 82' lang='lat' dir='ltr'><strong>Largiomur</strong></span> <span class='ocrx_word' id='word_1_256' title='bbox 311 3395 417 3455; x_wconf 74' lang='lat' dir='ltr'><strong>inertior]</strong></span> <span class='ocrx_word' id='word_1_257' title='bbox 451 3393 509 3442; x_wconf 89' lang='lat' dir='ltr'><strong>Non</strong></span> <span class='ocrx_word' id='word_1_258' title='bbox 521 3395 672 3455; x_wconf 84' lang='lat' dir='ltr'><strong>postulemus</strong></span> <span class='ocrx_word' id='word_1_259' title='bbox 683 3392 716 3439; x_wconf 82' lang='lat' dir='ltr'><strong>sb</strong></span> <span class='ocrx_word' id='word_1_260' title='bbox 726 3389 842 3440; x_wconf 83' lang='lat' dir='ltr'><strong>inertibus</strong></span> <span class='ocrx_word' id='word_1_261' title='bbox 854 3390 999 3440; x_wconf 87' lang='lat' dir='ltr'><strong>bominibus.</strong></span> 
     </span>
    </p>

    <p class='ocr_par' dir='ltr' id='par_1_27' title="bbox 147 3476 1020 3542">
     <span class='ocr_line' id='line_1_37' title="bbox 147 3476 1020 3542; baseline -0.007 -12"><span class='ocrx_word' id='word_1_262' title='bbox 147 3483 214 3530; x_wconf 84' lang='lat' dir='ltr'><strong>Seot</strong></span> <span class='ocrx_word' id='word_1_263' title='bbox 227 3479 264 3528; x_wconf 90' lang='grc'><strong>16.</strong></span> <span class='ocrx_word' id='word_1_264' title='bbox 287 3477 394 3541; x_wconf 80' lang='lat' dir='ltr'><strong>Aliquid</strong></span> <span class='ocrx_word' id='word_1_265' title='bbox 400 3477 516 3542; x_wconf 81' lang='lat' dir='ltr'><strong>fingunt]</strong></span> <span class='ocrx_word' id='word_1_266' title='bbox 551 3476 630 3524; x_wconf 76' lang='lat' dir='ltr'><strong>Manu</strong></span> <span class='ocrx_word' id='word_1_267' title='bbox 642 3477 749 3524; x_wconf 81' lang='lat' dir='ltr'><strong>sormunt</strong></span> <span class='ocrx_word' id='word_1_268' title='bbox 761 3490 792 3523; x_wconf 87' lang='lat' dir='ltr'><strong>ex</strong></span> <span class='ocrx_word' id='word_1_269' title='bbox 801 3477 853 3525; x_wconf 91' lang='lat' dir='ltr'><strong>luto</strong></span> <span class='ocrx_word' id='word_1_270' title='bbox 863 3476 946 3524; x_wconf 83' lang='lat' dir='ltr'><strong>velex</strong></span> <span class='ocrx_word' id='word_1_271' title='bbox 957 3491 1020 3524; x_wconf 78' lang='lat' dir='ltr'><strong>coru</strong></span> 
     </span>
    </p>

    <p class='ocr_par' dir='ltr' id='par_1_28' title="bbox 112 3558 1130 3799">
     <span class='ocr_line' id='line_1_38' title="bbox 147 3558 1130 3627; baseline -0.007 -12"><span class='ocrx_word' id='word_1_272' title='bbox 147 3565 259 3616; x_wconf 81' lang='lat' dir='ltr'><strong>Etiamsi</strong></span> <span class='ocrx_word' id='word_1_273' title='bbox 274 3565 373 3627; x_wconf 81' lang='lat' dir='ltr'><strong>proprie</strong></span> <span class='ocrx_word' id='word_1_274' title='bbox 385 3568 479 3611; x_wconf 78' lang='lat' dir='ltr'><strong>eutero</strong></span> <span class='ocrx_word' id='word_1_275' title='bbox 494 3577 543 3609; x_wconf 91' lang='lat' dir='ltr'><strong>non</strong></span> <span class='ocrx_word' id='word_1_276' title='bbox 554 3559 703 3608; x_wconf 82' lang='lat' dir='ltr'><strong>adhibentur</strong></span> <span class='ocrx_word' id='word_1_277' title='bbox 719 3559 797 3620; x_wconf 80' lang='lat' dir='ltr'><strong>ortos]</strong></span> <span class='ocrx_word' id='word_1_278' title='bbox 832 3558 888 3608; x_wconf 77' lang='lat' dir='ltr'><strong>Etsi</strong></span> <span class='ocrx_word' id='word_1_279' title='bbox 903 3565 985 3607; x_wconf 78' lang='lat' dir='ltr'><strong>orator</strong></span> <span class='ocrx_word' id='word_1_280' title='bbox 1001 3559 1027 3606; x_wconf 89' lang='lat' dir='ltr'><strong>in</strong></span> <span class='ocrx_word' id='word_1_281' title='bbox 1046 3558 1130 3621; x_wconf 81' lang='lat' dir='ltr'><strong>sliqus</strong></span> 
     </span>
     <span class='ocr_line' id='line_1_39' title="bbox 112 3641 1129 3708; baseline -0.01 -8"><span class='ocrx_word' id='word_1_282' title='bbox 112 3648 204 3701; x_wconf 83' lang='lat' dir='ltr'><strong>lorensi</strong></span> <span class='ocrx_word' id='word_1_283' title='bbox 216 3663 293 3697; x_wconf 77' lang='lat' dir='ltr'><strong>causo</strong></span> <span class='ocrx_word' id='word_1_284' title='bbox 301 3663 351 3697; x_wconf 88' lang='lat' dir='ltr'><strong>non</strong></span> <span class='ocrx_word' id='word_1_285' title='bbox 361 3648 446 3696; x_wconf 86' lang='lat' dir='ltr'><strong>eodem</strong></span> <span class='ocrx_word' id='word_1_286' title='bbox 458 3646 530 3694; x_wconf 91' lang='lat' dir='ltr'><strong>modo</strong></span> <span class='ocrx_word' id='word_1_287' title='bbox 540 3645 653 3708; x_wconf 78' lang='lat' dir='ltr'><strong>loquatur</strong></span> <span class='ocrx_word' id='word_1_288' title='bbox 664 3645 695 3692; x_wconf 91' lang='lat' dir='ltr'><strong>de</strong></span> <span class='ocrx_word' id='word_1_289' title='bbox 703 3644 806 3692; x_wconf 77' lang='lat' dir='ltr'><strong>muteris</strong></span> <span class='ocrx_word' id='word_1_290' title='bbox 817 3648 962 3692; x_wconf 68' lang='lat' dir='ltr'><strong>ceterorum</strong></span> <span class='ocrx_word' id='word_1_291' title='bbox 974 3641 1065 3690; x_wconf 76' lang='lat' dir='ltr'><strong>ortium</strong></span> <span class='ocrx_word' id='word_1_292' title='bbox 1076 3657 1129 3703; x_wconf 83' lang='lat' dir='ltr'><strong>pro·</strong></span> 
     </span>
     <span class='ocr_line' id='line_1_40' title="bbox 112 3731 414 3799; baseline -0.017 -15"><span class='ocrx_word' id='word_1_293' title='bbox 112 3735 174 3799; x_wconf 84' lang='lat' dir='ltr'><strong>pris,</strong></span> <span class='ocrx_word' id='word_1_294' title='bbox 185 3748 232 3794; x_wconf 88' lang='lat' dir='ltr'><strong>quo</strong></span> <span class='ocrx_word' id='word_1_295' title='bbox 243 3731 289 3795; x_wconf 88' lang='lat' dir='ltr'><strong>ipsi</strong></span> <span class='ocrx_word' id='word_1_296' title='bbox 301 3732 414 3781; x_wconf 78' lang='lat' dir='ltr'><strong>artifices.</strong></span> 
     </span>
    </p>

    <p class='ocr_par' dir='ltr' id='par_1_29' title="bbox 146 3809 1130 3915">
     <span class='ocr_line' id='line_1_41' title="bbox 146 3809 1130 3915; baseline -0.009 -46"><span class='ocrx_word' id='word_1_297' title='bbox 146 3818 213 3869; x_wconf 78' lang='lat' dir='ltr'><strong>Soot</strong></span> <span class='ocrx_word' id='word_1_298' title='bbox 226 3818 263 3866; x_wconf 81' lang='lat'><strong>17.</strong></span> <span class='ocrx_word' id='word_1_299' title='bbox 287 3815 406 3877; x_wconf 77' lang='lat' dir='ltr'><strong>Hercule]</strong></span> <span class='ocrx_word' id='word_1_300' title='bbox 438 3813 542 3865; x_wconf 84' lang='lat' dir='ltr'><strong>Jurendi</strong></span> <span class='ocrx_word' id='word_1_301' title='bbox 558 3814 669 3915; x_wconf 41' lang='lat' dir='ltr'><strong>formussu.</strong></span> <span class='ocrx_word' id='word_1_302' title='bbox 704 3812 784 3861; x_wconf 85' lang='lat' dir='ltr'><strong>Primo</strong></span> <span class='ocrx_word' id='word_1_303' title='bbox 801 3811 933 3870; x_wconf 81' lang='lat' dir='ltr'><strong>dioebsut3</strong></span> <span class='ocrx_word' id='word_1_304' title='bbox 956 3810 993 3858; x_wconf 82' lang='lat' dir='ltr'><strong>ito</strong></span> <span class='ocrx_word' id='word_1_305' title='bbox 1009 3823 1047 3857; x_wconf 78' lang='lat' dir='ltr'><strong>sno</strong></span> <span class='ocrx_word' id='word_1_306' title='bbox 1063 3809 1130 3860; x_wconf 82' lang='lat' dir='ltr'><strong>Her-</strong></span> 
     </span>
    </p>
   </div>
   <div class='ocr_carea' id='block_1_11' title="bbox 0 0 1240 4276">
    <p class='ocr_par' dir='ltr' id='par_1_30' title="bbox 0 0 1240 4276">
     <span class='ocr_line' id='line_1_42' title="bbox 0 0 1240 4276; baseline 0 0"><span class='ocrx_word' id='word_1_307' title='bbox 0 0 1240 4276; x_wconf 95' lang='lat' dir='ltr'><strong> </strong></span> 
     </span>
    </p>
   </div>
  </div>
 </body>
</html>
