2452 4290
171 362 213 425 ta
432 379 471 422 ne
492 379 633 421 canrosa
653 378 743 421 turn
762 378 926 422 sueonum.

170 546 292 598 sumus,
307 533 345 588 ut
364 525 501 588 sine-his
515 524 630 587 studiis
645 526 749 587 vitam
770 526 897 587 nullam
912 545 983 588 esse
1005 523 1192 588 ducamus?
1216 536 1217 565 ³

170 609 291 673 Omnia
313 612 387 682 ista,
399 612 511 690 ‘inquit
531 610 678 681 Crassus
693 630 756 689 ego
777 612 844 672 alio
868 610 963 672 modo
985 612 1194 690 interpretor,

170 696 225 775 qui
240 696 382 775 primum
395 697 592 776 palaestram,
604 703 638 755 et
653 694 754 767 sedes,
765 705 798 756 et
813 696 966 775 porticus,
978 696 1078 756 etiam
1091 696 1100 755 i
1104 714 1194 774 psoS,
1216 698 1217 703 ’

170 778 298 851 Catule,
306 777 447 861 Graeccs,
459 780 704 843 exercitationis
715 789 748 841 et
758 779 992 841 delectationis
1002 779 1113 850 causti,
1123 799 1194 841 non
1216 794 1217 799 ’

170 863 409 944 disputationis,
424 865 587 925 invenisse
610 864 760 927 arbitror.
803 863 893 924 Nam
907 873 941 925 et
963 863 1091 924 saeculis
1107 864 1194 925 mul·
1216 866 1217 891 l

169 949 212 1008 tis
227 949 305 1009 ante
321 949 496 1029 gymnasia
517 950 653 1011 inventa
668 956 753 1019 sunt,
767 948 865 1027 quam
886 949 921 1008 in
937 948 987 1009 his
1004 946 1195 1028 philosophi
1216 948 1217 963 ¹

169 1034 294 1110 garrire
311 1040 490 1113 coeperunt,
506 1041 538 1094 et
554 1031 614 1093 hoc
625 1033 958 1112 ipso,tempore,*ci1m
972 1033 1085 1092 omnia
1098 1051 1195 1112 gym-
1216 1030 1217 1043 ¹

170 1117 265 1177 nasia
275 1115 458 1197 philosophi
473 1124 618 1188 teneant,
630 1127 742 1177 tamen
757 1136 870 1180 eorum
885 1115 1051 1178 auditores
1063 1115 1195 1177 discum
1216 1116 1217 1123 ’

170 1200 294 1273 audire,
310 1201 407 1279 quim
421 1199 657 1282 philosophum,
672 1201 819 1271 malunt3
842 1201 898 1279 qui
915 1201 1012 1261 simul
1026 1208 1064 1261 ut
1086 1201 1195 1261 incre·

169 1285 250 1365 puit‚
265 1286 299 1346 in
314 1285 421 1346 medis
434 1287 582 1348 cretione
597 1284 636 1345 de
652 1285 805 1345 maximis
818 1285 917 1346 rebus
932 1294 965 1345 et
985 1285 1196 1362 gravissimis
1216 1288 1217 1291 ’

170 1367 392 1449 disputantem
414 1368 642 1451 philosophum
657 1387 771 1429 omnes
791 1370 955 1429 unctionis
970 1369 1071 1429 causti
1093 1368 1196 1430 relin·
1216 1370 1217 1429 3

169 1463 291 1532 quunt:
313 1455 363 1515 ita
374 1455 577 1516 levissimam
588 1452 841 1514 delectationem
852 1454 1064 1530 gravissima,
1076 1462 1114 1513 ut
1128 1453 1196 1533 ipsi
1216 1448 1217 1489 3

170 1536 288 1608 serunt,
311 1539 447 1601 utilitati
471 1547 683 1619 anteponunt.
727 1535 839 1598 Otium
864 1544 977 1597 autem
997 1535 1086 1615 quod
1109 1537 1217 1609 dicis

170 1641 252 1693 esse,
263 1624 442 1685 assentior:
466 1624 580 1683 verbm
595 1622 653 1683 otii
668 1620 793 1683 fructus
804 1630 863 1693 est,
875 1641 940 1682 non
956 1621 1123 1682 contentio
1136 1642 1196 1684 an·
1216 1696 1217 1701 η

170 1706 237 1776 imi,
252 1705 309 1766 sed
324 1706 494 1769 relaxatio.

213 1788 267 1850 VI.
291 1788 386 1870 Saepe
401 1811 442 1852 ex
457 1808 570 1852 socero
585 1809 659 1851 meo
673 1789 796 1861 andivi,
811 1791 887 1851 cum
910 1791 938 1850 is
951 1789 1086 1861 diceret,
1102 1808 1196 1853 soce·

170 1892 243 1936 rum
258 1890 354 1937 sturm
376 1873 516 1936 Laelium
539 1894 669 1954 semper
691 1873 759 1935 fere
782 1894 859 1936 cum
883 1873 1035 1955 Scipione
1058 1876 1197 1937 solitum

170 1959 333 2030 rusticari,
347 1979 467 2038 eosque
488 1958 723 2021 incredibiliter
736 1978 967 2039 repuerascere
982 1976 1054 2020 esse
1070 1959 1196 2033 solitos

171 2043 247 2106 oiim
260 2062 317 2104 rus
327 2063 369 2105 ex
379 2044 471 2116 urbe,
480 2053 640 2122 tanquam
651 2064 669 2104 e
681 2044 832 2115 vinculis
844 2044 1077 2105 evolavissent.
1117 2042 1195 2106 Non

170 2125 278 2188 audeo
287 2124 397 2188 dicere
413 2128 454 2190 de
465 2126 589 2189 talibus
602 2129 690 2199 viriS,
701 2128 758 2189 sed
773 2138 886 2189 tamen
896 2130 946 2189 ita
959 2126 1043 2189 'solet
1054 2146 1195 2190 narrare

171 2208 330 2281 Scaevola,
345 2211 488 2273 conchas
515 2231 571 2274 eos
596 2221 630 2274 et
655 2212 828 2274 umbilicos
850 2212 892 2273 ad
918 2211 1070 2274 Caietam
1093 2220 1130 2275 et
1153 2213 1196 2274 ad

172 2292 376 2358 Laurentum
391 2295 501 2373 legere
513 2296 697 2368 consuesse,
709 2305 742 2358 et
757 2296 800 2357 ad
814 2316 945 2358 omnem
961 2297 1063 2357 animi
1079 2298 1196 2359 remis·

170 2379 296 2441 sionem
318 2379 495 2459 luduntque
509 2381 717 2442 descendere.
763 2380 818 2442 Sic
833 2382 923 2442 enim
944 2401 979 2442 se
994 2400 1048 2441 res
1071 2379 1195 2442 habet:

170 2471 207 2525 ut
222 2462 497 2543 quemadmodum
512 2465 663 2527 volucres
674 2463 832 2537 videmus
844 2466 1080 2546 procreationis
1093 2475 1196 2546 atque

170 2547 327 2613 utilitatis
339 2568 409 2611 suae
423 2550 533 2621 causi,
549 2549 673 2627 fingere
688 2560 721 2611 et
736 2558 925 2612 construere
940 2548 1042 2622 nidos,
1057 2550 1197 2612 easdem

171 2641 293 2704 autem,
308 2635 383 2695 crim
390 2634 522 2717 ,aliquid
536 2633 716 2706 effecerint,
730 2633 864 2696 levandi
879 2634 1001 2696 laboris
1016 2635 1067 2694 sui
1082 2636 1197 2708 causa,

170 2719 294 2797 passim
307 2737 349 2780 ac
360 2718 462 2781 libere
471 2720 597 2781 solutas
608 2737 707 2800 opere
718 2720 857 2781 volitare
869 2741 877 2791 3
900 2720 948 2780 sic
959 2720 1062 2781 nostri
1077 2721 1196 2792 animi,

170 2799 354 2864 forensibus
374 2805 513 2881 negotiis
528 2812 626 2882 atque
648 2802 775 2865 urbano
790 2823 888 2884 opere
903 2802 1032 2875 defessi,
1047 2805 1198 2880 gestiunt

173 2904 214 2947 ae
230 2886 369 2948 volitare
386 2889 531 2968 cupiunt,
542 2889 639 2949 vacui
657 2887 736 2948 curii
751 2907 791 2950 ac
807 2887 928 2949 labore.
973 2886 1087 2965 Itaque
1104 2888 1197 2962 illud,
1216 2886 1217 2919 ³

170 2969 256 3049 quod
271 2989 333 3047 ego
348 2972 383 3032 in
399 2972 499 3032 causi
509 2971 653 3034 Curiana
667 2970 825 3034 Scoevnlae
836 2972 912 3044 dixi,
925 2992 990 3034 non
1004 2972 1071 3032 dixi
1087 2991 1197 3046 secus

171 3073 212 3114 ac
235 3053 427 3116 sentiebam.
472 3054 561 3117 Nam
584 3057 620 3127 si,
643 3057 789 3135 inquam,
805 3055 965 3129 Scaevola,
981 3055 1110 3117 nullum
1134 3061 1198 3120 erit

171 3145 408 3200 testamentum
419 3141 508 3201 recte
520 3139 655 3211 factum,
667 3142 730 3201 nisi
741 3140 826 3219 quod
840 3151 877 3204 tu
893 3140 1069 3221 scripseris
1078 3160 1197 3204 omnes

171 3221 215 3283 ad
236 3230 269 3283 te
286 3224 376 3285 cives
391 3242 467 3286 curn
489 3223 612 3285 tabulis
627 3226 808 3298 veniemus
822 3227 970 3287 omnium
990 3232 1198 3289 testamenta
1216 3254 1217 3259 ¹

171 3316 208 3368 tu
229 3307 352 3369 scribes
374 3328 468 3370 unus.
512 3307 602 3384 Quid
623 3306 746 3386 igiturl
777 3311 931 3389 inquam:
958 3308 1089 3388 quando
1115 3328 1217 3391 ages¹

170 3393 341 3470 negotium
351 3390 542 3474 publicum?
565 3392 912 3472 quandoamicoruml
936 3393 1196 3472 quandctuuml

171 3476 302 3554 quando
313 3476 453 3556 denique
465 3462 545 3539 nihil
558 3475 661 3556 agesl
683 3484 756 3539 tum
767 3479 849 3540 illud
858 3478 986 3541 addidi:
1009 3476 1095 3540 Mihi
1106 3479 1197 3542 enim
1216 3502 1217 3569 p

171 3559 340 3622 liberasse
356 3580 420 3622 non
437 3561 576 3635 videtur,
591 3563 647 3642 qui
662 3582 727 3623 non
742 3563 920 3643 aliquando
934 3561 1016 3624 nihil
1031 3564 1114 3640 agit.
1161 3564 1197 3627 In

171 3645 235 3724 qui
248 3664 437 3726 permaneo,
453 3644 581 3719 Catule,
592 3648 772 3719 sententia3
795 3666 922 3726 tneque,
935 3649 1010 3709 cunr
1025 3646 1092 3709 huc
1109 3652 1196 3723 veni,

171 3726 232 3790 hoc
247 3730 355 3809 ipsum
370 3728 451 3791 nihil
467 3748 576 3807 agere,
588 3740 622 3793 et
636 3731 736 3812 plane
751 3750 891 3805 cessare,
902 3732 1055 3795 delectat.
1093 3730 1196 3807 Nam,
1216 3742 1217 3747 ’

171 3811 259 3891 quod
273 3811 427 3876 addidisti
441 3815 584 3887 tertium,
595 3834 654 3877 vos
669 3834 725 3878 eos
740 3835 821 3890 esse,
833 3817 889 3898 qui
899 3818 1004 3880 vitam
1019 3817 1197 3882 insuavem
