2434 4286
293 382 336 424 mr
357 382 498 424 carrona
519 382 607 425 urana
629 382 789 425 emarcus.
993 368 1047 426 lll

32 529 82 592 ris
96 535 147 590 est
163 549 282 592 earum
297 531 543 600 sententiarum,
559 538 657 608 atque
675 549 788 590 eorum
803 529 958 601 locorum,
972 550 1054 610 quos

32 633 113 693 agas
129 624 319 692 tractesque
334 613 481 685 dicendo,
493 613 573 675 nihil
590 623 625 673 ut
640 633 721 693 opus
736 616 778 674 sit
793 615 1002 677 simulatione
1018 624 1052 677 et
1107 650 1118 667 ·

31 698 182 760 fallaciis
228 697 304 778 Ipsa
319 699 408 759 enim
422 708 544 759 natura
559 699 714 759 orationis
730 699 810 775 ejus,
825 718 897 777 quae
919 700 1053 780 suscipi·

31 792 84 845 tur
105 782 150 843 ad
175 783 317 843 aliorum
339 783 466 842 animos
491 781 735 861 permovendos
760 790 923 844 oratorem
944 785 1053 864 ipsum

30 865 138 945 magis
160 868 273 937 etiam,
288 867 386 944 quim
401 885 598 944 quemquam
614 885 727 927 eorum
741 867 797 944 qui
820 867 967 940 audiunt,
981 888 1052 948 per·

30 960 153 1013 movet.
199 949 243 1011 Et
266 971 307 1011 ne
326 948 387 1011 hoc
411 953 444 1011 in
460 951 579 1019 causis
594 951 628 1010 in
647 949 790 1027 judiciis
814 953 846 1012 in
870 953 1052 1017 amicorum

30 1035 198 1117 perieulis
212 1036 245 1095 in
261 1054 421 1095 concursu
443 1034 620 1104 hominum,
636 1035 670 1094 in
692 1035 836 1107 civitate,
856 1037 890 1097 in
906 1036 984 1108 foro,
999 1058 1049 1099 ac·

31 1121 142 1181 cidere
154 1121 322 1190 miremur,
334 1124 408 1179 cum
425 1120 536 1195 agitur
546 1137 611 1178 non
623 1118 727 1179 solum
743 1120 866 1197 ingenii
881 1122 982 1181 nostri
998 1142 1053 1184 ex·

30 1204 190 1265 istirnatio
202 1202 293 1282 (nam
305 1202 337 1262 id
349 1213 435 1264 esset
446 1202 552 1263 levius
563 1223 570 1273 3
592 1220 791 1281 quanquam,
803 1205 878 1265 oiim
889 1206 1053 1284 professus

30 1289 85 1359 sia
99 1297 134 1349 te
150 1286 183 1347 id
205 1306 299 1367 posse
315 1285 436 1357 facere,
451 1285 537 1365 quod
559 1288 668 1366 pauci,
683 1306 725 1347 ne
742 1287 774 1347 id
797 1286 929 1364 quidem
950 1290 1053 1366 negli-

31 1371 177 1450 gendum
190 1370 269 1449 est):
291 1370 347 1432 sed
362 1372 433 1432 alia
444 1379 520 1431 sunt
536 1372 662 1448 majora
674 1370 787 1443 multo,
798 1370 889 1442 fidae,
900 1371 1053 1444 officium,

30 1456 224 1533 diligentia3
247 1453 365 1533 quibus
388 1454 486 1516 rebus
507 1453 649 1525 adducti,
671 1456 774 1515 etiam
797 1456 872 1515 cum
896 1456 1054 1516 alienissi-

31 1560 102 1602 mos
118 1538 333 1609 defendimus,
348 1548 460 1600 tamen
476 1558 532 1601 eos
547 1538 682 1609 alienos
697 1539 725 1600 si
746 1539 809 1618 ipsi
823 1539 884 1599 viri
908 1538 984 1600 boni
999 1560 1054 1602 vo·

31 1626 142 1686 lumus
166 1622 291 1693 haberi,
306 1624 494 1684 existimare
513 1642 578 1684 non
600 1641 781 1702 possumus.
825 1621 891 1685 Sed
908 1624 958 1704 (ut
972 1623 1052 1702 dixi)

31 1730 72 1770 ne
88 1708 152 1769 hoc
176 1708 211 1768 in
234 1707 327 1768 nobis
349 1708 469 1768 mirum
491 1726 562 1769 esse
578 1707 739 1778 videatur,
753 1706 831 1786 quid
852 1716 960 1788 potest
982 1728 1054 1772 csse

30 1802 100 1854 tam
123 1793 249 1862 fictum,
271 1792 368 1871 quam
390 1810 514 1863 versus,
535 1791 633 1871 quam
655 1809 766 1861 scena,
787 1792 884 1869 quim
908 1789 1053 1854 fabulael

30 1886 146 1939 tamen
170 1878 205 1936 in
230 1875 292 1936 hoc
314 1894 434 1953 genere
458 1876 544 1955 saepd
566 1876 636 1954 ipse
660 1874 737 1946 vidi,
752 1877 827 1935 ciim
852 1895 893 1936 ex
918 1876 1056 1956 persomi

29 1961 113 2022 mihi
130 1959 245 2022 ardere
261 1960 348 2020 oculi
367 1957 507 2021 hominis
521 1958 688 2021 histrionis
704 1957 902 2032 viderentur,
917 1960 1056 2041 sponda·

31 2047 77 2107 lia
91 2045 154 2107 illa
168 2044 316 2115 dicentis,

105 2156 282 2267 “segregare
294 2195 340 2248 ebs
353 2204 379 2248 te
390 2214 481 2259 ausus,
493 2204 541 2249 aut
551 2197 609 2249 cine
620 2197 665 2249 illo
679 2195 815 2289 Salqminc
826 2197 951 2268 ingredi?

130 2280 224 2349 Neque
232 2287 372 2349 paternum
383 2280 534 2348 adspectum
547 2297 575 2331 es
585 2280 707 2332 veritus?

31 2421 217 2502 Nunquam
238 2422 332 2486 illum
347 2422 524 2504 adrpectum
539 2422 680 2495 dicebat,
695 2423 773 2502 quin
793 2422 873 2485 mihi
895 2421 1057 2487 Telamon

30 2509 140 2569 iratus
164 2506 273 2569 furere
297 2508 390 2569 luctu
405 2507 465 2568 filii
485 2505 671 2578 videretur3
694 2516 730 2567 ut
752 2505 850 2579 idem,
871 2507 992 2569 inflexi
1014 2505 1058 2569 ad

31 2590 261 2655 miserabilem
276 2610 392 2653 sonum
406 2611 497 2665 voce,

298 2724 410 2811 “Quem
422 2752 496 2798 etate
509 2747 610 2808 eeactd,
622 2745 738 2816 indigem

132 2828 256 2882 tiberem
268 2828 400 2892 lacerasti,
413 2829 519 2892 orbdsti,
533 2830 677 2892 eetinesti5
695 2846 777 2899 neque
781 2827 884 2898 fratris
895 2829 976 2893 necis,
1000 2870 1015 2897 ,,

133 2911 226 2981 Neque
234 2913 313 2982 gnati
325 2912 382 2981 ejus
389 2914 477 2982 parci,
489 2914 534 2983 qui
547 2913 593 2965 tibi
605 2915 634 2966 in
647 2914 753 2967 tutelam
766 2921 805 2965 est
817 2914 946 2967 traditur.
960 2953 966 2966 .
979 2954 986 2966 .

32 3056 118 3117 flens
135 3073 175 3116 ac
199 3054 317 3132 lugens
335 3054 444 3117 dicere
468 3054 651 3117 videbatur,
696 3056 782 3133 Quae
805 3058 833 3118 si
857 3057 913 3119 ille
936 3056 1060 3129 histrio,

32 3137 182 3220 quotidie
197 3139 273 3200 cum
289 3148 412 3217 ageret,
427 3147 540 3201 tamen
562 3140 650 3201 recte
666 3161 766 3219 agere
783 3141 853 3202 sine
868 3140 977 3202 dolore
993 3159 1060 3201 non

33 3231 187 3305 poterat3
217 3220 317 3302 quidl
361 3222 545 3286 Pacuvium
568 3225 703 3305 putatis,
726 3226 760 3285 in
790 3222 969 3295 scribenda
992 3223 1057 3285 leni

34 3309 149 3369 animo
175 3327 217 3368 ac
243 3308 378 3371 remisso
407 3306 532 3369 fuissel
577 3306 667 3370 Fieri
696 3309 787 3369 nullo
817 3307 912 3368 modo
942 3308 1057 3386 potuit.

35 3392 133 3473 Saepe
156 3391 245 3452 enim
261 3390 384 3464 audivi,
398 3397 530 3471 poetam
552 3392 673 3453 bonum
687 3393 854 3453 neminem
870 3389 915 3471 (id
930 3389 1015 3469 quod
1037 3411 1061 3452 a

36 3475 228 3539 Democrito
244 3483 276 3535 et
300 3473 438 3537 Platone
463 3478 497 3538 in
520 3477 650 3557 scriptis
671 3477 822 3538 relictum
845 3495 916 3537 esse
931 3475 1057 3556 dicunt)

36 3563 106 3621 sine
132 3559 392 3621 inflammatione
419 3562 604 3622 animorum
626 3562 782 3623 exsistere
806 3580 911 3641 posse,
933 3569 966 3623 et
989 3562 1059 3623 sine

36 3643 180 3725 quodam
196 3642 313 3705 afflatu
328 3647 423 3723 quasi
439 3643 564 3712 suroris,

78 3727 211 3791 XLVII.
235 3727 350 3804 Quare
362 3730 463 3789 nolite
475 3729 663 3790 existimare
674 3731 845 3810 meipsum,
857 3730 914 3808 qui
928 3749 993 3790 non
1004 3728 1059 3790 he·

38 3832 133 3877 rcum
142 3823 272 3874 veteres
284 3831 382 3873 casus
395 3812 552 3890 fictosque
568 3811 676 3873 luctus
686 3814 807 3873 vellem
822 3813 945 3872 imitari
960 3820 1059 3886 atque
