2434 4286
163 362 223 421 loo
423 378 462 421 ou
483 378 625 421 onai-oua
646 358 735 419 maun
757 377 918 421 sumanus.

158 526 252 589 nobis
267 527 323 589 illc
337 525 409 598 hoc,
424 525 552 599 Catule,
568 526 742 608 pollicitus,
753 545 788 588 se
799 529 855 606 jus
871 524 977 600 civile,
989 526 1075 608 quod
1091 548 1189 594 nunc

158 611 312 675 diffusum
328 620 361 672 et
375 611 569 691 dissipatum
592 621 651 682 est,
667 614 699 672 in
717 623 808 673 certa
828 632 957 690 genera
975 623 1188 689 coacturum,

157 696 250 759 et'ad
266 706 371 757 artem
388 696 484 758 facile
507 696 727 759 redacturum.
773 695 817 758 Et
839 696 980 777 quidem,
996 699 1102 778 inquit
1118 699 1188 762 Ca-

156 783 255 852 tulus,
271 780 523 861 haudqulquam
547 781 580 841 id
597 790 646 842 est
665 781 797 842 difficile
813 780 940 853 Crasso,
956 784 1011 861 qui
1034 794 1077 855 et,
1093 786 1189 864 quod

157 866 238 928 disci
260 866 365 946 potuit
381 865 420 927 de
439 867 525 945 jure,
540 866 671 928 didicit:
694 877 736 938 et,
751 866 837 947 quod
853 868 901 937 ile,
917 869 972 946 qui
988 887 1065 929 eum
1081 868 1187 931 docu-

157 960 262 1024 erunt,
277 950 389 1022 defuit,
404 952 474 1031 ipse
491 950 626 1023 afferet;
649 959 695 1021 ut,
710 971 782 1031 quae
798 953 863 1012 sint
878 952 917 1011 in·
930 953 1014 1029 jure,
1030 953 1084 1013 vel
1102 956 1187 1034 apte

157 1036 350 1107 describere,
360 1037 414 1097 vel
425 1037 539 1097 ornate
551 1037 716 1098 illustrare
728 1037 840 1118 possit.
884 1034 974 1114 Ergo
986 1037 1059 1108 ista,
1072 1039 1188 1117 inquit
1211 1096 1212 1119 ἶ

156 1123 328 1192 Antonius,
342 1129 413 1182 tum
429 1141 450 1181 a
465 1119 583 1182 Crasso
597 1120 770 1192 discemus
784 1122 860 1182 cum
875 1141 910 1181 se
933 1122 973 1182 de
988 1121 1094 1193 turbis,
1110 1132 1147 1183 et
1165 1143 1189 1184 a
1211 1128 1212 1133 ’

156 1206 329 1277 subselliis,
352 1207 386 1266 in
416 1207 520 1267 otium
545 1206 593 1286 (ut
620 1204 757 1284 cogitat)
784 1206 965 1285 soliumque
993 1206 1186 1270 contulerit.

156 1290 233 1354 Jam
249 1291 280 1352 id
304 1291 436 1370 quidem
452 1291 547 1371 saepe,
563 1292 667 1370 inquit
689 1289 835 1358 Catulus,
851 1310 891 1351 ex
907 1311 946 1352 eo
965 1290 1087 1362 audivi,
1104 1293 1187 1355 ciam

156 1375 289 1448 diceret,
301 1376 363 1437 sibi
379 1385 505 1437 certum
521 1395 602 1446 esse,
618 1395 639 1435 a
649 1374 783 1457 judiciis
799 1377 980 1454 causisque,
991 1375 1185 1439 discedere:

156 1462 223 1531 sed,
238 1470 274 1522 ut
297 1463 369 1542 ipsi·
382 1461 471 1522 soleo
485 1459 603 1532 dicere,
618 1479 682 1520 non
697 1458 817 1520 licebit.
863 1458 980 1541 Neque
996 1461 1082 1520 enirn
1107 1462 1186 1542 ipse

157 1546 318 1608 auxilium
340 1565 436 1606 suum
451 1546 537 1625 saepe
553 1545 668 1627 aviris
690 1543 784 1605 bonis
800 1544 921 1605 frustra
935 1545 1107 1625 implorari
1121 1565 1186 1626 pa-

155 1632 266 1700 tietur,
281 1650 385 1710 neque
409 1630 442 1689 id
464 1649 557 1708 aequo
573 1630 684 1689 animo
699 1627 781 1690 feret
797 1630 933 1701 civitas3
957 1649 1029 1709 quae
1044 1631 1072 1690 si
1095 1650 1186 1694 voce

157 1714 194 1778 L.
218 1714 329 1777 Crassi
355 1713 490 1785 carebit,
517 1722 710 1776 ornamento
736 1713 878 1793 quodam
905 1732 975 1775 sese
1001 1714 1187 1794 spoliatam

156 1799 295 1882 putabit.
341 1798 439 1871 Nam,
462 1799 580 1869 hercle,
604 1799 709 1879 inquit
732 1800 904 1871 Antonine,
920 1800 947 1859 si
969 1795 1039 1859 haec
1055 1799 1136 1859 vere
1162 1821 1187 1862 a

156 1884 275 1947 Catulo
300 1884 390 1946 dicta
416 1893 500 1955 sunt,
523 1883 582 1945 tibi
607 1903 738 1944 mecum
764 1886 798 1944 in
820 1883 935 1944 eodem
958 1892 1007 1944 est
1030 1884 1186 1963 pistrino,

157 1969 284 2043 Crasse,
298 1968 494 2030 vivendum:
517 1976 550 2028 et
566 1969 664 2029 istam
680 1970 875 2030 oscitantem
890 1977 923 2030 et
945 1967 1186 2031 dormitantem

156 2056 355 2135 sapientiam
382 2053 607 2116 Scaevolarum
632 2062 665 2113 et
691 2062 883 2115 caeterorum
913 2053 1085 2113 beatorum
1111 2055 1186 2116 otio
1211 2096 1212 2099 =

157 2140 386 2201 concedamus.
432 2138 550 2200 Arrisit
572 2136 623 2198 hic
646 2136 783 2199 Crassus
805 2138 943 2209 leniter3
973 2146 1015 2207 et,
1037 2132 1185 2201 Pertexe

156 2223 261 2295 modo,
283 2224 398 2303 inquit,
413 2221 546 2292 Antoni,
561 2224 648 2301 quod
672 2242 805 2284 exorsus
821 2242 873 2283 es:
899 2242 952 2283 me
976 2233 1088 2283 tamen
1113 2225 1186 2284 ista

156 2310 300 2371 oscitans
315 2310 489 2388 sapientia,
505 2309 602 2369 simul
618 2318 716 2387 atque
733 2307 775 2369 ad
790 2327 866 2370 eam
881 2306 1068 2384 confugero,
1083 2307 1119 2368 in
1143 2308 1184 2370 li·

129 2447 133 2453 .
156 2393 320 2456 bertatem
336 2393 525 2455 vindicabit.
607 2400 610 2405 '

199 2476 349 2540 XXXIV.
374 2477 482 2557 Hujus
494 2478 626 2558 quidem
640 2477 713 2550 loci,
725 2496 822 2556 quem
837 2475 934 2538 modo
945 2496 1018 2537 sum
1034 2494 1185 2549 exorsus,

156 2561 210 2626 hic
226 2574 276 2624 est
290 2563 374 2635 finis,
390 2565 495 2644 inquit
518 2564 698 2625 Antonius:
724 2563 879 2641 quoniam
894 2561 1097 2639 intelligitur,
1113 2581 1185 2624 non

156 2649 192 2711 in
207 2648 375 2710 hominum
397 2646 692 2710 innumerabilibus
710 2647 864 2727 personis,
880 2665 985 2725 neque
1001 2648 1035 2706 in
1050 2645 1186 2707 infinitis

158 2742 343 2812 temporum
358 2734 531 2805 varietate,
546 2732 603 2794 sed
618 2734 653 2794 in
668 2750 829 2810 generum
844 2732 953 2792 causis
969 2738 1067 2811 atque
1082 2738 1185 2793 natu·

158 2818 212 2889 ris,
223 2819 335 2879 omnia
350 2820 414 2881 sita
429 2838 510 2889 csse,
526 2838 599 2898 quae
614 2819 647 2878 in
663 2816 799 2878 dubium
814 2824 1030 2887 vocarentur3
1053 2835 1186 2893 genera

158 2912 272 2964 autem
288 2922 360 2964 esse
376 2902 522 2975 definita,
537 2923 602 2964 non
618 2902 723 2964 solum
739 2920 889 2971 numere,
899 2900 957 2960 sed
979 2901 1081 2960 etiam
1096 2919 1185 2980 pau-

158 2988 280 3059 oltate3
306 2996 343 3049 ut
358 3007 434 3048 eam
448 2990 621 3050 materiem
643 2988 809 3058 orationis
824 3004 896 3065 quae
912 2987 1069 3064 cujusque
1092 2993 1186 3046 esset

158 3073 297 3150 generis,
319 3071 453 3133 studiosi
476 3075 532 3153 qui
558 3081 666 3134 essent
690 3069 828 3141 dicendi,
851 3070 1001 3131 omnibus
1024 3070 1105 3130 locis
1125 3067 1184 3131 de·
1211 3082 1212 3093 ³

159 3158 325 3237 scriptam,
341 3159 545 3228 instructam,
560 3167 775 3235 ornatamque
791 3152 1114 3235 comprehenderent,
1129 3173 1184 3215 re·

158 3239 220 3302 bus
234 3240 307 3303 dico
322 3251 356 3304 et
380 3244 559 3304 sententiis.
604 3241 663 3304 Eae
685 3243 720 3302 vi
744 3241 802 3301 sud
825 3238 927 3300 verba
950 3239 1090 3320 parient,
1105 3257 1185 3318 quae

158 3344 288 3406 semper
302 3327 383 3389 satis
402 3338 520 3390 ornata
535 3327 615 3389 mihi
639 3325 770 3407 quidem
785 3323 889 3386 videri
913 3324 1027 3394 solent,
1043 3324 1071 3384 si
1093 3325 1185 3401 ejus-

158 3409 246 3472 modi
262 3421 345 3483 sunt,
357 3422 393 3473 ut
408 3432 450 3473 ea
465 3431 516 3474 res
531 3414 604 3494 ipsa
618 3412 783 3492 peperisse
800 3407 960 3471 videatur.
1005 3407 1065 3479 Ac,
1080 3409 1109 3468 si
1125 3427 1185 3469 ve-

158 3514 232 3556 rum
255 3497 408 3575 quaeritis,
430 3496 517 3577 quod
538 3496 618 3583 mihi
642 3495 773 3576 quidem
795 3493 957 3565 videatur,
974 3492 1067 3573 (nihil
1091 3493 1187 3556 enim

159 3577 249 3641 aliud
272 3579 437 3642 affirmare
461 3601 603 3663 possum,
625 3582 688 3643 nisi
713 3581 913 3641 sententiam
935 3587 968 3640 et
991 3578 1186 3657 opinionem

158 3663 281 3741 meam)
295 3663 356 3726 hoc
371 3666 624 3728 instrumentum
639 3684 816 3727 causarum
828 3673 861 3725 et
877 3681 1034 3741 generum
1050 3663 1186 3724 univer·
1211 3666 1212 3749 l

159 3766 269 3808 sorum
284 3749 317 3810 in
333 3749 439 3810 sorum
461 3750 587 3811 deferre
604 3749 770 3822 debemus,
785 3766 902 3828 neque,
917 3756 954 3808 ut
974 3766 1112 3826 quaeque
1127 3766 1188 3808 res

159 3829 272 3893 delata
286 3832 329 3894 ad
343 3852 403 3896 nos
418 3835 489 3908 erit,
501 3843 572 3897 tum
586 3834 727 3916 denique
739 3834 880 3896 scrutari
895 3832 993 3904 locos,
1005 3851 1046 3895 ex
1060 3830 1188 3914 quibus
