2434 4286
159 371 221 432 140
420 384 460 428 nr
480 384 622 427 orarorr
642 384 733 427 mar
753 384 916 428 ennomus.

157 533 233 596 inde
248 543 287 596 ut
310 533 551 605 oonoludamus,
565 541 665 610 atque
687 533 736 594 ita
758 552 956 615 peroremus,
969 530 1032 595 hoo
1046 530 1185 595 dioend
1201 510 1202 537 ¹

158 638 264 697 genus
279 627 400 679 natura
414 619 488 697 ipsa
501 616 690 697 praeseribit.

202 703 247 765 Ut
262 702 341 764 vero
352 710 545 772 statuamus,
556 720 607 771 ea,
619 720 692 779 quoe
706 700 875 782 probandi,
887 700 1033 772 docendi,
1043 719 1184 781 persua-

159 785 256 848 dendi
271 786 372 848 oausd
385 784 525 846 dicenda
539 793 625 857 suut,
635 784 909 863 quemadmodum
924 804 1185 864 componamus;

160 870 194 932 id
209 880 258 932 est
273 870 326 930 vel
342 869 485 930 maxime
499 870 667 950 proprium
680 870 819 930 oratoris
833 868 1023 948 prudentiae.
1068 867 1187 931 Multa

160 957 249 1015 enim
263 964 438 1015 occurrunt
450 961 665 1031 argumenta:
687 952 802 1024 multa,
817 971 890 1032 quae
905 953 939 1014 in
954 953 1092 1014 dicendo
1107 973 1186 1033 pro-

161 1039 274 1100 futura
287 1036 479 1098 videantur:
501 1035 559 1098 sed
581 1055 694 1098 eorum
716 1037 909 1117 partimita
930 1037 1021 1098 levia
1043 1048 1130 1109 sunt,
1147 1049 1188 1101 ut

161 1120 401 1183 contemnenda
421 1122 505 1183 sint:
534 1123 664 1200 partim,
688 1121 791 1182 etiam
812 1120 840 1182 si
865 1120 942 1200 quid
963 1119 1103 1191 habent,
1122 1122 1186 1184 ad·

163 1207 315 1283 jumenti,
330 1216 407 1266 sunt
428 1224 662 1284 nonnunquam
677 1204 845 1283 ejusmodi,
861 1213 896 1266 ut
918 1207 995 1266 insit
1016 1205 1051 1264 in
1065 1205 1105 1265 iis
1121 1207 1187 1268 ali·

162 1289 240 1368 quid
261 1290 355 1362 vitii3
387 1309 492 1367 neque
515 1291 599 1350 tanti
621 1290 663 1349 sit
691 1286 781 1358 illud,
803 1287 888 1367 quod
916 1283 1069 1368 prodesse
1091 1289 1187 1351 vide-

162 1386 247 1445 atur,
269 1383 305 1434 ut
334 1371 411 1435 cuin
434 1373 545 1452 aliquo
566 1373 655 1434 malo
680 1373 907 1450 conjungatur.
951 1371 1037 1449 Quae
1067 1383 1188 1437 autom

162 1467 238 1519 sunt
258 1451 354 1519 utilia
368 1469 467 1536 atque
482 1458 588 1528 firma,
602 1459 630 1518 si
652 1475 695 1517 ea
715 1465 827 1519 tamen
849 1456 899 1537 (ut
913 1458 1000 1538 soepd
1015 1456 1065 1535 fit)
1083 1458 1188 1520 valde

162 1541 269 1603 multa
284 1551 379 1612 sunt;
402 1561 452 1612 ea,
466 1561 539 1620 quae
555 1541 651 1603 exiis
666 1549 724 1601 aut
746 1540 914 1602 levissima
928 1548 1013 1611 sunt,
1033 1550 1092 1602 aut
1107 1541 1188 1604 aliis

163 1626 369 1704 gravioribus
389 1626 581 1698 consimilia,
596 1625 721 1697 secerni
743 1623 883 1686 arbitror
905 1635 1066 1704 oportere,
1080 1635 1188 1704 atque

163 1729 204 1771 ex
226 1700 373 1771 oratione
388 1711 557 1771 removeri.
601 1708 763 1788 Equidem
779 1711 853 1769 oum
875 1710 993 1788 colligo
1008 1728 1187 1788 argumen-
1204 1740 1205 1769 r

162 1802 201 1855 ta
220 1812 405 1866 causarum,
420 1813 484 1856 non
506 1803 577 1855 tam
592 1813 634 1854 ea
649 1813 822 1855 numerare
837 1793 934 1865 soleo,
948 1795 1046 1873 quim
1061 1813 1187 1875 espen·
1204 1798 1205 1857 3

163 1877 250 1939 dere.
1203 1934 1205 1939 ⁴

207 1960 366 2023 LXXVII.
391 1961 434 2023 Et
449 1963 605 2041 quoniam
619 1960 716 2042 (quod
732 1961 817 2041 saepe
828 1962 900 2038 jam
915 1960 995 2040 dixi)
1012 1961 1117 2023 tribus
1131 1981 1186 2024 re·

163 2044 225 2106 bus
239 2065 352 2106 omnes
366 2046 409 2107 ad
431 2055 576 2107 nostram
591 2045 789 2106 sententiam
811 2044 1028 2125 perducimus
1044 2055 1103 2107 aut
1125 2045 1186 2108 do·
1204 2068 1205 2071 ¹

164 2128 276 2200 sendo,
302 2138 361 2190 aut
383 2130 596 2200 conciliando,
618 2139 677 2190 aut
698 2130 940 2210 permovend0;
966 2149 1034 2191 una
1059 2150 1100 2192 ex
1126 2133 1206 2193 tri-i

163 2211 225 2273 bus
248 2211 299 2273 his
313 2212 412 2274 rebus
425 2232 477 2274 res
499 2233 565 2294 prae
581 2212 675 2274 nobis
696 2223 745 2274 est
763 2213 908 2285 ferenda,
923 2222 960 2275 ut
983 2213 1064 2277 nihil
1080 2215 1186 2289 aliud,
1205 2210 1206 2229 ³

162 2297 225 2357 nisi
240 2295 356 2358 docere
372 2298 458 2359 velle
473 2295 663 2360 videamur:
685 2297 820 2376 reliquae
835 2297 918 2371 duae,
932 2297 1029 2360 sicuti
1044 2301 1186 2377 sanguis

162 2381 196 2441 in
212 2380 409 2460 corporibus,
424 2382 470 2442 sio
486 2382 551 2444 illae
564 2384 597 2443 in
612 2384 779 2463 perpetuis
794 2383 997 2443 orationibus
1012 2382 1093 2443 fusae
1109 2403 1185 2447 esse

162 2463 336 2525 debebunt.
374 2464 463 2526 Nam
474 2474 508 2527 et
522 2467 693 2546 principia,
705 2475 738 2526 et
750 2475 877 2528 oaeteroe
889 2476 1001 2546 partes
1013 2469 1185 2541 orationis,

162 2547 336 2627 dequibus
357 2549 458 2630 pauld
477 2549 549 2630 pdst
569 2570 680 2631 pauca
694 2549 850 2620 dicemus,
865 2549 986 2612 habere
1007 2550 1095 2613 hano
1113 2553 1184 2614 vim

161 2647 283 2710 magno
306 2653 404 2714 opere
426 2634 555 2706 debent,
570 2643 615 2704 ut,
631 2633 674 2694 ad
698 2653 810 2695 eorum
833 2645 968 2707 meritos,
988 2635 1077 2714 apud
1099 2655 1184 2715 quos

162 2727 288 2793 agetur,
304 2718 492 2789 movendas,
503 2737 698 2801 permanare
712 2719 846 2798 possint.

204 2798 269 2861 Sed
284 2799 335 2861 his
350 2801 499 2882 partibus
514 2804 679 2872 orationis
691 2821 763 2881 quae
779 2803 840 2862 etsi
855 2801 935 2862 nihil
950 2801 1068 2864 docent
1083 2823 1182 2881 argu·

160 2884 347 2955 mentando,
369 2885 594 2965 persuadendo
615 2897 728 2947 tamen
744 2896 777 2946 et
800 2886 1034 2947 commovendo
1051 2888 1182 2967 profici-

161 2976 221 3027 unt
235 2966 420 3048 plurimum,
434 2989 622 3050 quanquam
638 2972 780 3031 maxime
804 2970 953 3050 proprius
968 2980 1017 3031 est
1039 2971 1132 3032 loeus
1147 2982 1183 3034 et

160 3051 195 3112 in
217 3050 413 3114 exordiendo
435 3063 469 3113 et
492 3055 526 3115 in
549 3054 750 3134 perorand03
776 3054 902 3131 digredi
928 3062 1041 3115 tamen
1063 3055 1106 3116 ab
1129 3077 1181 3129 eo,

159 3135 244 3214 quod
257 3138 462 3217 proposueris
473 3146 571 3216 atque
583 3157 674 3216 agas
685 3138 979 3217 permovendorum
993 3140 1182 3202 animorum

160 3221 269 3293 eausa,
285 3222 370 3302 saepd
392 3221 473 3283 utile
495 3232 554 3283 est.
598 3222 711 3301 ltaque
735 3223 797 3294 vel,
812 3223 1000 3284 narratione
1022 3225 1181 3302 exposita,

159 3305 245 3385 saepe
260 3304 358 3367 datur
373 3306 416 3367 ad
431 3307 681 3368 commovendos
701 3307 828 3367 animos
842 3305 1044 3383 digrediendi
1066 3307 1180 3381 locus3

158 3389 213 3450 vel
235 3392 444 3467 argumentis
460 3392 577 3452 nostris
599 3390 809 3461 confirmatis,
824 3390 878 3451 vel
898 3391 1069 3451 contrariis
1092 3395 1180 3454 retir-

148 3474 246 3544 -tatis,
262 3474 315 3534 vel
331 3484 468 3553 utroque
484 3475 565 3542 loeo,
579 3475 633 3535 vel
648 3473 807 3545 omnibus,
822 3476 850 3534 si
865 3472 966 3536 habet
981 3494 1056 3536 eam
1073 3496 1182 3538 eausa

158 3555 354 3633 dignitatem
369 3567 469 3636 atque
491 3560 631 3638 copiam,
646 3559 735 3620 recte
757 3557 791 3619 id
812 3557 884 3619 fieri
910 3566 1035 3639 potest:
1061 3579 1179 3639 eaeque

158 3658 269 3700 causae
284 3648 369 3710 sunt,
384 3641 427 3701 aid
449 3642 636 3720 augendum
652 3653 684 3705 et
700 3642 742 3704 ad
764 3642 956 3713 ornandum,
971 3644 1180 3719 gravissimo

158 3731 257 3800 atque
273 3723 478 3803 plenissimae,
490 3745 562 3804 quta
579 3727 733 3807 plurimos
748 3727 855 3787 exitus
866 3726 946 3788 dant
961 3726 1004 3788 ad
1016 3728 1179 3805 ejusmodi

158 3802 402 3882 digressionem,
423 3817 460 3868 ut
484 3809 524 3870 iis
549 3809 629 3871 loeis
651 3811 699 3872 uti
720 3810 830 3883 liceat,
850 3811 968 3890 quibus
990 3813 1179 3877 animorum
