2434 4286
311 382 353 423 na
373 381 514 422 ouarouu
535 381 624 422 arana
646 381 807 425 saevimus.
1012 369 1072 426 107

56 530 173 606 nigenii
185 527 348 607 judicare.
393 528 509 608 Neque
523 531 610 590 enim
621 550 708 593 nunc
724 530 757 592 id
769 531 907 607 agimus,
916 539 954 593 ut
966 542 1072 593 artem

54 614 199 691 aliquam
214 613 344 674 dicendi
363 614 573 692 explicemus
588 614 646 674 sed
668 626 704 675 ut
719 615 914 676 doctissimis
936 615 1071 679 homini·

54 696 113 758 bus
135 700 214 758 usds
229 700 330 758 nostri
354 698 448 776 quasi
471 697 622 777 quaedam
638 700 763 759 monita
785 697 963 759 tradamus
1008 699 1072 761 His

54 781 152 859 igitur
167 782 249 842 locis
264 783 298 842 in
313 793 424 842 mente
440 791 473 842 et
489 783 688 859 cogitatione
703 783 828 853 defixis
839 792 872 843 ct
887 785 921 843 in
936 785 1024 847 omni
1036 805 1071 844 re

54 867 94 925 ad
109 866 288 927 dicendum
311 867 417 947 posita
431 867 593 936 excitatio,
609 866 690 927 nihil
714 868 785 937 erit,
800 867 886 946 quod
908 877 1070 929 oratorem

53 948 199 1027 effugere
215 951 326 1030 possit,
339 969 402 1010 non
416 950 512 1011 modo
527 951 560 1011 in
572 950 756 1012 forensibus
771 951 1071 1031 disceptationibus

52 1033 107 1095 sed
121 1033 257 1096 omnino
279 1034 312 1094 in
327 1034 395 1095 ullo
410 1053 529 1111 genere
545 1034 683 1096 dicendi.
726 1034 763 1097 Si
778 1035 857 1096 vero
872 1044 1071 1114 assequetur,

52 1130 87 1178 ut
102 1120 181 1180 talis
192 1117 355 1188 videatur,
367 1118 497 1197 qualem
508 1138 542 1179 se
554 1118 659 1180 videri
670 1120 760 1190 velit,
773 1128 805 1179 et
817 1122 943 1180 animos
959 1139 1070 1181 eorum

52 1203 98 1262 ita
112 1202 250 1272 afficiat,
266 1201 355 1282 apud
369 1222 449 1280 quos
468 1211 555 1279 aget,
570 1212 607 1263 ut
623 1223 687 1274 eoa,
702 1202 895 1282 quocunque
911 1204 1001 1275 velit,
1017 1205 1072 1266 vel

51 1287 183 1347 trahere
195 1284 250 1346 vel
265 1305 381 1369 rapere
397 1289 517 1366 possit;
540 1286 620 1347 nihil
634 1286 779 1367 profecto
794 1297 955 1367 praterea
967 1287 1009 1348 ad
1025 1288 1070 1349 di·

52 1370 193 1432 cendum
208 1372 361 1448 requiret,
405 1370 423 1431 J
426 1391 480 1431 am
496 1370 577 1430 illud
599 1372 747 1432 videmus
770 1371 976 1450 nequaquam
992 1372 1071 1433 satis

53 1474 130 1526 esse,
147 1454 292 1534 reperire
308 1454 385 1532 quid
407 1455 507 1524 dicas
522 1455 585 1515 nisi
608 1454 640 1515 id
655 1457 826 1516 inventum
840 1462 984 1515 tractare
1000 1454 1070 1534 pos-

53 1540 102 1599 sis,
149 1538 323 1599 Tractatio
339 1547 450 1599 autem
473 1540 568 1599 varia
583 1558 653 1599 esse
678 1539 784 1619 debet,
799 1558 840 1599 ne
856 1547 915 1597 aut
939 1557 1070 1615 cognos-

52 1634 104 1682 cat
119 1633 241 1693 artem,
256 1623 311 1700 qui
335 1622 458 1693 audiat,
474 1631 532 1684 aut
556 1622 757 1700 defatigetur
780 1620 1000 1684 similitudinis
1020 1641 1070 1682 sa-

51 1707 178 1768 tietate.
225 1704 363 1784 Proponi
387 1716 522 1786 oportet,
536 1707 614 1790 quid
638 1706 769 1778 afferas,
785 1715 827 1777 et,
843 1706 874 1766 id
899 1725 1000 1784 quare
1023 1707 1071 1766 ita

51 1791 100 1862 sit,
114 1789 310 1860 ostendere;
334 1799 366 1850 et
382 1811 422 1850 ex
444 1791 558 1851 iisdem
577 1790 640 1851 illis
663 1791 743 1851 locis
764 1789 927 1853 interdum
942 1790 1070 1850 conclu·

50 1874 138 1947 dere,
149 1876 333 1952 relinquere
350 1875 440 1943 alies
452 1875 582 1953 alioque
598 1877 756 1936 transire:
779 1874 865 1954 saepe
877 1894 941 1934 non
956 1893 1070 1954 propo-

51 1979 137 2030 nere,
154 1979 206 2030 ao,
222 1958 349 2019 ratione
371 1959 442 2038 ipsa
456 1958 631 2031 afferenda,
646 1958 723 2037 quid
745 1958 988 2038 proponendum
1003 1958 1071 2017 l'ue·

51 2045 100 2115 rit,
116 2043 310 2104 declarare:
335 2043 361 2102 si
382 2042 435 2103 cui
460 2042 536 2122 quid
559 2043 664 2103 simile
680 2043 780 2114 dicas,
803 2043 891 2121 prius
907 2051 943 2102 ut
965 2041 1070 2102 simile

52 2127 247 2198 confirmes3
269 2125 395 2198 deinde,
417 2126 503 2205 quod
528 2128 646 2203 agitur,
668 2126 851 2205 adJ‘ungas3
873 2134 997 2206 puncta
1021 2145 1070 2185 ar-

52 2221 285 2289 gumentorum
310 2211 501 2290 plerumque
518 2222 553 2271 ut
576 2211 717 2282 ocenias,
733 2231 774 2272 ne
799 2212 871 2289 quis
895 2230 937 2270 ea
958 2229 1071 2270 nume·

51 2315 125 2358 rare
149 2296 262 2376 possit,
276 2303 313 2355 ut
335 2314 371 2354 re
386 2293 637 2371 distinguantur,
652 2294 761 2356 verbis
780 2294 916 2357 confusa
931 2314 1001 2355 esse
1014 2293 1071 2353 >vi·

51 2380 204 2441 deantur.
365 2398 368 2405 ’

91 2462 194 2526 XLII.
219 2461 312 2534 Haec,
327 2470 364 2522 ut
379 2471 412 2522 et
434 2481 622 2542 properans
637 2471 670 2523 et
686 2462 775 2542 apud
792 2462 912 2533 doctos
928 2471 961 2522 ct
976 2461 1071 2521 semi·

50 2547 168 2610 doctus
185 2548 263 2626 ipse,
280 2565 443 2626 percurro,
458 2556 494 2606 ut
510 2546 685 2624 aliquando
701 2546 743 2606 ad
766 2546 825 2607 illa
839 2546 968 2621 majora
981 2545 1072 2604 veni-

51 2651 158 2694 amus,
204 2629 294 2692 Nihil
318 2640 368 2690 est
383 2632 470 2691 enim
490 2632 524 2691 in
539 2630 685 2702 dicendo,
699 2629 827 2701 Catule,
842 2630 960 2704 majus
975 2628 1072 2707 quam

50 2726 86 2778 ut
101 2715 221 2776 faveat
236 2715 357 2776 oratori
379 2715 476 2793 isqui
492 2715 613 2787 audiet,
628 2724 728 2793 utque
744 2712 813 2793 ipse
828 2714 875 2775 sic
891 2720 1072 2782 moveatur,

51 2811 86 2862 ut
109 2802 239 2879 impetu
254 2798 395 2878 quodam
411 2799 513 2859 animi
527 2808 560 2860 et
583 2798 829 2879 perturbatione
845 2795 961 2874 magis
975 2795 1072 2875 quam

52 2884 182 2962 judicio
198 2891 255 2944 aut
278 2882 423 2954 consilio,
438 2893 580 2960 regatur.
626 2882 726 2945 Plura
748 2881 955 2945 enimmultd
970 2880 1071 2942 homi-

52 2989 111 3029 nes
122 2967 278 3046 judicant
289 2966 372 3038 odio,
387 2975 446 3029 aut
461 2986 582 3040 amore,
594 2976 653 3027 aut
669 2967 858 3048 cupiditate,
871 2977 929 3029 aut
943 2963 1079 3027 iracun·'

52 3052 114 3124 did,
130 3059 191 3112 aut
211 3049 330 3122 dolore,
346 3059 404 3111 aut
428 3051 549 3122 latitia,
565 3061 623 3113 aut
645 3072 713 3133 spe,
728 3063 786 3114 aut
807 3055 935 3122 timore,
950 3058 1008 3111 aut
1024 3069 1071 3110 er-

52 3156 135 3207 rore,
153 3146 211 3196 aut
236 3135 345 3214 aliqua
367 3137 569 3215 permotione
591 3139 720 3209 mentis
735 3139 832 3216 quam
846 3137 998 3204 veritate,
1014 3140 1072 3192 aut

52 3220 253 3301 prascripto,
269 3228 328 3280 aut
347 3220 432 3296 juris
447 3221 559 3281 norma
574 3221 691 3299 aliqud,
707 3229 765 3280 aut
784 3218 900 3295 judicii
924 3215 1072 3286 formula,

53 3312 111 3365 aut
127 3303 266 3380 legibus,
310 3302 434 3380 Quare,
445 3305 508 3365 nisi
523 3304 600 3384 quid
615 3303 707 3364 vobis
722 3301 812 3363 aliud
827 3301 945 3381 placet,
956 3298 999 3360 ad
1013 3298 1072 3359 illa

53 3406 241 3468 pergamus.
680 3462 689 3473 ,

96 3470 249 3543 Paulum,
260 3472 365 3550 inquit
380 3471 527 3543 Catulus
538 3472 640 3533 etiam
655 3488 742 3531 nunc
758 3469 870 3530 deesse
887 3465 1016 3527 videtur
1031 3466 1071 3526 iis

53 3556 164 3627 rebuS,
180 3555 311 3626 Antoni,
326 3577 409 3636 quas
423 3557 610 3637 exposuisti,
624 3553 710 3633 quod
733 3555 775 3616 sit
798 3553 859 3615 tibi
879 3551 956 3632 ante
972 3550 1071 3630 expli·

55 3639 208 3709 candum,
224 3641 321 3717 quam
335 3640 412 3702 illuc
428 3639 646 3721 proficiscare,
661 3638 725 3719 quo
747 3650 779 3700 te
796 3639 877 3700 dicis
891 3634 1071 3700 intendere.

55 3722 247 3800 Quidnam?
271 3725 384 3802 inquit.
428 3724 496 3799 Qui
518 3723 596 3785 ordo
618 3724 678 3785 tibi
699 3725 841 3805 placeat,
855 3722 959 3802 inquit
974 3718 1071 3781 Catu·

56 3810 116 3882 lus,
129 3817 163 3869 et
175 3827 247 3886 quae
260 3807 426 3887 dispositio
441 3817 719 3884 argumentorum,
729 3809 764 3869 in
775 3809 839 3887 qud
849 3816 885 3867 tu
897 3804 977 3866 mihi
989 3824 1071 3865 sem·
