2444 4276
107 333 171 391 206
382 350 421 391 nn
442 349 582 391 oanronn
603 350 691 391 mana
712 349 847 391 ruamus.

108 498 189 577 ipsa,
204 467 369 573 vulgadis:
393 515 471 556 usus
508 504 598 556 utem
620 495 843 571 gravissimus
859 501 892 555 et
914 494 948 554 in
968 493 1031 556 hoo
1054 502 1132 557 toto

107 580 236 642 dicendi
251 579 358 639 studio
373 579 471 639 diffior
486 579 591 639 limus

150 654 384 739 Quamobrem,
400 664 554 742 quoniam
570 661 609 722 de
625 670 743 722 ornatu
758 663 846 723 omni
868 663 1025 723 orationis
1048 673 1132 722 sunt

11 784 39 809 «ψ
66 752 82 778 ”
108 768 229 819 omnes
248 749 282 808 si
308 767 374 808 non
399 747 567 827 patefacti,
594 753 629 806 at
655 745 741 806 certe
768 749 1009 807 commonstrat
1039 746 1131 816 loci;

31 848 35 861 '
108 852 204 903 nunc,
228 832 304 911 quid
327 841 441 911 aptum
465 833 515 902 sit,
537 827 598 891 hoc
622 837 680 901 est,
695 829 771 909 quid
794 831 936 890 maxime
952 767 1012 889 dg
1012 838 1068 889 eat
1094 832 1131 889 in

109 917 265 987 oratione,
281 916 476 976 videamus:
499 933 688 993 quanquam
711 914 743 975 id
764 914 894 993 quidem
916 894 1131 994 perspicuum

107 1012 168 1079 est,
180 1021 242 1061 non
256 1001 343 1060 omni
359 1019 477 1070 causae,
489 1019 549 1059 nec
566 998 715 1070 auditori,
727 1017 831 1077 neque
847 1017 1002 1078 personae,
1017 1018 1130 1076 neque

109 1064 257 1164 tempori,
285 1067 463 1161 congrdere
490 1083 646 1142 orationis
675 1102 777 1143 unum
806 1102 919 1160 genus.
977 1081 1066 1142 Nam
1095 1092 1131 1143 et

110 1189 220 1230 causae
243 1169 360 1248 capitis
382 1167 484 1227 alium
507 1165 671 1245 quendam
685 1165 860 1227 verborum
882 1184 997 1227 sonum
1020 1159 1141 1243 requi(

109 1263 193 1325 runt,
206 1253 309 1313 aliurn
324 1271 433 1312 rerum
445 1252 649 1330 privatarum
662 1258 760 1329 atque
773 1269 950 1331 parvarum
963 1269 971 1308 ε
987 1258 1020 1310 et
1034 1250 1130 1311 aliud

110 1337 238 1398 dicendi
262 1356 366 1414 genus
396 1335 656 1406 deliberationes
681 1333 771 1395 aliud
797 1334 1011 1404 laudationes
1036 1334 1131 1395 aliud

111 1421 249 1500 judicia,
265 1420 355 1481 aliud
370 1439 544 1489 sermones
560 1418 650 1479 aliud
666 1419 853 1489 consolatio,
869 1419 959 1479 aliud
974 1417 1130 1496 objurga·

42 1510 45 1515 ’
111 1507 165 1576 tic,
190 1504 279 1565 aliud
304 1504 491 1583 disputatio,
515 1502 605 1564 aliud
628 1502 763 1564 historia
786 1486 959 1564 desilierat.
1013 1500 1132 1564 Refert

111 1591 222 1659 etiam,
238 1589 293 1667 qui
308 1588 454 1658 audiant,
469 1596 612 1658 senatus,
627 1607 671 1647 an
686 1587 832 1667 populus,
850 1607 893 1646 an
911 1583 1050 1664 jddicea
1065 1585 1131 1647 fre·
1209 1630 1210 1647 ,

111 1682 257 1754 quenteS,
281 1691 325 1732 an
347 1674 454 1752 pauci,
477 1690 520 1731 an
544 1672 687 1748 singuli:
711 1680 752 1754 et,
776 1670 890 1749 quales
914 1672 975 1751 ipsi
999 1691 1130 1749 quoque

112 1769 266 1828 oratores
281 1756 344 1834 qud
360 1758 424 1816 sint
439 1763 546 1826 aetate,
558 1753 687 1825 honore,
704 1755 911 1825 auctoritate,
926 1754 1023 1815 debet
1038 1738 1146 1816 vida!
1209 1792 1210 1825 ,

112 1844 160 1902 ri:
184 1843 262 1901 item
278 1850 408 1920 tempus
423 1840 515 1919 pacis
531 1858 574 1899 an
589 1838 675 1909 belli,
688 1836 905 1899 festinationis
917 1858 960 1898 an
974 1840 1041 1899 otii.
1065 1838 1130 1900 Ita-

112 1945 175 2005 que
191 1924 252 1985 hoc
267 1925 342 2001 locq
353 1923 434 1984 nihil
450 1924 528 1983 sane
544 1932 602 1992 est,
614 1922 698 2001 quod
714 1923 847 2002 praecipi
862 1941 954 2002 posse
968 1923 1131 1996 videatur,

138 2011 175 2070 'si
198 2018 234 2070 ut
257 2006 399 2088 figsiram
415 2008 571 2068 orationis
593 2007 754 2086 plenioris
770 2014 803 2066 et
818 2007 985 2079 tenuioris
1000 2017 1033 2067 et
1048 2010 1132 2068 item

113 2096 123 2154 i
139 2095 200 2175 lius
216 2092 396 2161 mediocria
413 2089 455 2150 ad
470 2089 511 2161 id,
523 2090 608 2168 quod
623 2093 762 2168 agimus
777 2087 1060 2153 accommodatam
1075 2091 1131 2152 de-

113 2162 264 2254 ligamus,
309 2173 516 2235 Ornamentis
532 2173 647 2235 iisdem
667 2176 718 2236 uti
739 2174 806 2235 sere
822 2162 942 2247 licdbit,
958 2176 1040 2236 alias
1055 2196 1131 2236 oon-

113 2262 242 2330 tentius,
258 2259 341 2320 alias
355 2257 565 2318 submissius:
588 2246 740 2339 omnique
756 2261 839 2320 inre
855 2279 959 2339 posse,
976 2260 1061 2339 quod
1076 2260 1131 2321 de-

114 2353 197 2416 ceat,
212 2342 332 2414 facere,
348 2343 428 2404 artis
444 2352 478 2403 et
500 2351 626 2403 naturae
642 2353 691 2404 est
704 2365 713 2415 ς
735 2344 828 2416 scire,
842 2343 919 2422 quid
934 2344 1131 2424 quandoque

113 2429 238 2499 deceat,
253 2427 443 2509 prudentia.
1036 2473 1080 2499 ,.,.

157 2511 240 2574 LVI.
270 2512 335 2574 Sed
357 2511 426 2573 haec
449 2512 521 2593 ipsa
536 2512 646 2572 omnia
667 2504 800 2592 perinde
817 2518 901 2583 sunt,
916 2522 952 2573 ut
974 2523 1130 2591 aguntur.

114 2598 219 2668 Aetio,
241 2598 384 2675 inquam,
407 2597 442 2657 in
464 2595 601 2657 dicendo
625 2615 692 2656 una
714 2595 910 2657 dominatur.
963 2596 1049 2742 Sinq
1067 2598 1130 2658 hae
1209 2582 1210 2631 i

114 2700 259 2742 summus
281 2689 389 2741 orator
407 2700 477 2741 esse
499 2681 533 2740 in
547 2700 683 2741 numero
697 2680 786 2741 nullo
801 2690 928 2761 potest:
949 2681 1023 2742 med

114 2765 176 2826 hac
200 2766 386 2835 instructus
409 2783 552 2824 summos
576 2763 662 2845 saepe
686 2783 851 2844 superare,
896 2763 984 2826 Huic
1008 2767 1131 2846 primas

114 2849 241 2909 dedisse
264 2844 500 2908 Demosthenes
515 2848 642 2919 dicitur,
658 2849 732 2908 elim
747 2859 928 2926 rogaretur,
943 2850 1020 2929 quid
1035 2850 1068 2910 in
1084 2849 1130 2910 di-

115 2931 217 2993 cendo
233 2941 318 2991 esset
333 2932 495 3011 primum3
519 2930 594 2992 huic
610 2931 779 3003 secundas
794 2932 870 2994 huic
885 2934 1009 2994 tertias.
1054 2932 1131 3008 Quo

114 3015 194 3077 mihi
210 3014 326 3075 melius
341 3017 443 3076 etiam
458 3014 537 3075 illud
553 3015 595 3075 ab
608 3014 762 3077 AEschine
775 3017 898 3078 dictum
909 3016 1011 3078 videri
1028 3019 1129 3089 solet3

115 3102 179 3180 qui,
194 3101 269 3160 cum
290 3109 421 3180 propter
444 3100 657 3176 ignominiam
673 3099 789 3180 judicii
813 3101 963 3162 cessisset
983 3101 1130 3175 Athenis,

115 3197 147 3246 et
163 3205 197 3245 se
213 3182 362 3244 Rhodum
378 3184 576 3257 contulisset,
593 3194 725 3262 rogatus
742 3205 763 3245 a
777 3183 919 3256 Rhodiis,
934 3186 1053 3264 legisse
1069 3185 1130 3246 ser·
1209 3188 1210 3207 l

114 3280 168 3331 tur
191 3270 373 3329 orationem
396 3268 489 3328 illam
512 3271 689 3347 egregiam,
710 3288 810 3348 quam
830 3270 864 3330 in
886 3267 1130 3350 Ctesiphontem

115 3363 229 3414 contra
243 3350 498 3414 Demosthenem
513 3353 661 3414 dixerat:
682 3353 745 3432 qua
758 3353 912 3434 perlecta,
927 3356 1066 3434 petitum
1082 3365 1129 3416 est

116 3437 158 3497 ab
175 3457 213 3497 eo
228 3437 392 3516 postridie,
409 3446 445 3497 ut
467 3437 590 3515 legeret
612 3437 705 3498 illam
720 3439 829 3508 etiam,
844 3458 917 3517 quae
933 3447 1004 3500 erat
1019 3440 1129 3499 contra

116 3541 137 3581 a
152 3518 372 3581 Demosthene
387 3540 445 3600 pro
458 3519 666 3602 Ctesiphonte
683 3520 790 3582 edita:
807 3541 907 3601 quarn
919 3523 993 3584 cum
1008 3526 1128 3584 suavis-

115 3606 197 3663 simd
220 3612 253 3662 et
276 3603 419 3663 maxima
442 3622 523 3664 voce
547 3606 687 3682 legisset,
712 3605 951 3667 admirantibus
967 3607 1128 3676 omnibus,

115 3684 259 3761 Quanta
283 3687 394 3763 inquit,
420 3686 526 3763 magis
552 3686 805 3760 admiraremhii,
831 3691 858 3750 si
888 3672 1060 3751 audissdtis
1085 3692 1128 3772 ip-

116 3765 209 3827 sum?
255 3767 307 3828 Ex
322 3787 385 3845 quo
400 3767 481 3828 satis
495 3770 703 3847 significavit,
719 3783 878 3851 quantum
894 3782 980 3835 esset
1003 3774 1037 3834 in
1052 3778 1128 3836 acti-

1038 2683 1131 2754 ocris‚
1209 2700 1210 2713 *
