2434 4286
701 142 958 293 Ἣ.

304 366 364 411 nn
382 367 526 411 eunoun
546 368 636 410 mna
656 367 817 411 moenum
1019 356 1079 414 145

58 515 114 577 illa
135 513 383 596 reprehendam
405 515 525 577 ideireo
539 514 610 576 haee
625 524 659 576 et
680 514 808 585 natura,
822 522 856 577 et
876 516 1029 589 utilitate,
1044 527 1078 580 et

58 602 271 669 tractatione,
285 600 461 676 conjuncta
475 608 559 660 sunt.

97 682 226 747 Omnia
241 692 354 743 autem
376 681 601 743 concludenda
621 682 812 761 plerumque
835 682 932 743 rebus
954 703 1076 761 augen-

58 765 114 837 dis,
130 767 190 827 vel
212 765 446 827 inflammando
462 765 585 843 judice,
610 766 659 826 vel
681 765 881 842 mitigando:
903 770 1076 847 omniaque

58 852 133 911 erim
156 849 379 929 superioribus
393 851 548 911 orationis
569 849 659 920 loeis,
673 858 743 910 tum
765 850 906 911 maxime
922 861 1076 924 extremo,

58 933 99 994 ad
121 943 254 995 mentes
272 933 421 1011 judicum
436 933 532 1012 quim
554 933 696 994 maxime
717 933 964 1013 permovendas,
979 943 1013 995 et
1034 935 1076 997 ad

58 1019 241 1079 utilitatem
261 1027 407 1078 nostram
420 1017 595 1103 vocandas,
611 1016 810 1078 conferenda
823 1026 907 1078 sunt.

98 1101 222 1179 Neque
244 1102 324 1163 sane
341 1103 415 1178 jam
436 1120 539 1162 eausa
549 1100 686 1162 -videtur
700 1121 780 1172 esse,
795 1120 853 1161 eur
868 1121 1077 1164 secernamus

58 1204 100 1245 ea
113 1194 294 1264 praeeepta,
304 1205 376 1264 quae
391 1184 431 1245 de
447 1185 653 1254 suasionibus
664 1184 823 1247 tradenda
837 1196 922 1256 sunt,
933 1195 992 1246 aut
1006 1186 1075 1247 lau·

57 1268 248 1340 dationibus
261 1291 268 1339 ;
291 1279 366 1330 sunt
388 1270 477 1330 enim
491 1270 646 1349 pleraque
662 1269 848 1330 eommunia
857 1289 871 1346 ,²
894 1269 951 1329 sed
966 1278 1076 1331 tamen

57 1352 199 1417 suadere
212 1353 344 1431 aliquid,
356 1360 415 1412 aut
429 1353 625 1422 dissuadere,
637 1354 839 1430 gravissima
854 1350 934 1412 mihi
949 1352 1077 1414 videtur

58 1456 131 1497 esse
155 1455 312 1515 personae.
356 1435 445 1496 Nam
467 1444 500 1496 et
522 1437 681 1516 sapientis
701 1445 760 1507 est,
782 1435 954 1496 eonsilium
977 1437 1076 1515 expli-

59 1540 137 1581 eare
161 1539 258 1580 suum
277 1519 316 1580 de
339 1521 491 1581 maximis
512 1520 629 1591 rebus3
652 1528 686 1581 et
707 1520 843 1590 honesti,
858 1526 891 1579 et
906 1518 1026 1591 diserti,
1041 1528 1078 1580 ut
1130 1594 1134 1602 Ι

59 1612 173 1664 mente
194 1603 374 1682 providere,
393 1605 590 1665 anctoritate
613 1604 762 1684 probare,
777 1605 924 1665 oratione
946 1621 1077 1682 persua·

59 1687 147 1757 dere,
162 1689 274 1766 possit.

104 1770 268 1833 LXXXlI.
292 1771 400 1850 Atque
412 1771 484 1833 hoeo
496 1772 529 1832 in
540 1779 657 1832 senatu
668 1772 792 1832 minore
804 1780 967 1851 apparatu
979 1790 1079 1848 agen·

61 1853 105 1916 da
127 1863 228 1916 sunt:
258 1856 390 1935 sapiens
412 1865 461 1916 est
484 1857 573 1915 enim
595 1855 786 1926 consilium
808 1855 983 1932 multisque
1006 1855 1080 1914 aliis

60 1938 192 2001 dicendi
214 1938 445 2018 relinquendus
466 1940 566 2000 locus.
610 1937 757 2000 Vitanda
772 1939 875 2000 etiam
892 1938 1015 2016 ingenii
1030 1957 1078 1998 os·

60 2024 255 2085 tentationis
269 2023 420 2102 suspicio.

102 2106 226 2169 Coneio
242 2108 331 2187 capit
345 2125 476 2167 omnem
491 2107 559 2167 vim
574 2107 739 2178 orationis
754 2116 787 2167 et
808 2106 1007 2183 gravitatem
1022 2125 1079 2167 va·

60 2192 279 2269 rietatemque
294 2189 467 2251 desiderat.
513 2188 611 2267 Ergo,
625 2192 660 2251 in
675 2190 850 2261 suadendo,
865 2190 945 2251 nihil
961 2199 1011 2251 est
1025 2209 1080 2269 op·

59 2275 207 2345 tabilius,
221 2274 319 2353 quam
333 2274 496 2351 dignitas:
518 2293 596 2334 nam
615 2275 671 2353 qui
690 2275 868 2335 utilitatem
889 2283 994 2355 putat,
1015 2293 1080 2334 non

60 2358 140 2438 quid
161 2359 305 2420 maxime
320 2357 401 2418 velit
423 2377 547 2429 suasor,
562 2357 619 2418 sed
633 2358 710 2437 quid
732 2358 894 2419 interdum
912 2357 1017 2435 magis
1032 2376 1079 2417 se-

60 2451 193 2523 quatur,
209 2441 308 2503 videt
352 2440 459 2502 Nemo
474 2450 524 2503 est
545 2443 599 2503 eni
665 2443 844 2521 prasertim
859 2444 893 2501 in
908 2450 977 2500 tam
992 2440 1080 2501 clara

60 2528 212 2596 civitate,
237 2525 316 2604 quin
337 2533 430 2605 putet
453 2534 593 2606 expeten
646 2592 648 2594 ,
697 2525 839 2585 maxime
862 2524 1080 2600 dignitatem:

61 2610 121 2672 sed
136 2610 242 2671 vineit
263 2609 390 2670 utilitas
411 2607 612 2688 plerumque,
627 2610 703 2669 oiim
718 2608 829 2669 subest
849 2606 906 2667 ille
921 2607 1027 2676 timor,
1042 2606 1082 2666 ed

12 2756 13 2761 ,
60 2693 227 2771 neglecta,
240 2713 281 2755 ne
296 2693 492 2770 dignitatem
503 2691 635 2771 quidem
650 2711 743 2773 posse
758 2691 901 2753 retineri.

105 2777 340 2839 Controversia
354 2785 468 2837 autem
490 2779 576 2837 inter
590 2776 758 2837 hominum
773 2774 953 2836 sententias
968 2781 1026 2834 aut
1048 2773 1083 2835 in

61 2862 120 2924 illo
136 2870 196 2933 est,
211 2861 320 2921 utrum
342 2860 384 2920 sit
406 2860 538 2921 utilius:
562 2869 620 2921 aut
642 2861 753 2931 etiam,
768 2861 844 2920 eum
865 2857 898 2919 id
920 2859 1083 2927 convenit,

62 2953 221 3015 certatur,
232 2946 341 3005 utrum
352 2943 516 3005 honestati
528 2945 636 3023 potiris
646 2963 689 3004 an
702 2944 835 3004 utilitati
848 2941 1084 3003 consulendum

63 3031 115 3091 sit.
146 3028 234 3103 Quae
248 3027 327 3108 quia
338 3046 486 3108 pugnare
502 3028 589 3107 saepe
604 3030 690 3091 inter
704 3047 738 3088 se
753 3027 915 3097 videntur,
927 3027 983 3104 qui
998 3026 1083 3087 utili·

62 3121 169 3175 tatem
193 3110 347 3183 defendit,
371 3111 577 3172 enumerabit
601 3111 773 3173 commoda
796 3110 1083 3189 pacis„potentiae,

63 3195 291 3274 vectigalium,
313 3195 463 3274 preasidii,
484 3195 635 3266 militum,
658 3204 851 3256 eaeterarum
871 3206 1083 3268 rerumque·
1113 3190 1116 3197 ’

64 3299 137 3342 rum
153 3279 297 3340 fructum
308 3279 451 3340 utilitate
463 3280 627 3350 metimur,
637 3280 780 3354 itemque
793 3273 998 3334 incommoda
1010 3294 1084 3335 eon·

62 3365 250 3425 trariorum.
287 3361 356 3446 Qui
371 3363 413 3424 ad
429 3362 623 3440 dignitatem
639 3359 785 3440 impellit,
800 3358 962 3434 majorum
976 3376 1083 3419 exem·
1169 3394 1172 3399 -

63 3447 136 3529 ple,
151 3464 225 3525 quae
247 3456 343 3508 erunt
363 3447 416 3507 vel
434 3465 511 3507 eum
531 3445 677 3526 periculo
692 3442 843 3521 gloriosa,
859 3441 999 3519 colliget,
1014 3461 1085 3522 pos÷

64 3530 208 3594 teritatis
227 3531 446 3593 immortalem
461 3529 651 3591 memoriam
667 3525 822 3604 augebit3
845 3525 1023 3588 utilitatem
1045 3544 1085 3587 ex

65 3614 165 3678 laude
180 3615 274 3679 nasei
288 3613 451 3686 defendet,
462 3619 654 3693 semperque
667 3629 743 3673 earn
754 3628 830 3672 eum
840 3610 1000 3689 dignitate
1013 3626 1085 3674 esse

66 3700 287 3780 conjunctam.

106 3782 177 3846 Sed
190 3782 268 3862 quid
282 3781 354 3846 lieri
369 3781 479 3864 possit,
494 3784 632 3850 autnon
646 3778 756 3860 possit,
771 3777 912 3856 quidque
927 3776 1029 3836 etiam
1043 3777 1085 3835 sit
