2444 4276
482 346 690 424 nerse-mu.
712 347 744 389 n.
954 406 961 425 Ι
1057 331 1118 391 241

96 497 127 544 n
144 492 228 552 tabere
244 493 364 568 Crassum
381 492 453 549 levet,
470 508 565 568 quoqne
585 493 707 568 ad’ungit.
740 493 847 553 Laudes,
865 494 952 558 quibus
969 493 1012 557 qui
1030 494 1122 546 adsunt

96 564 154 608 tum
164 575 192 608 se
203 559 312 609 invicem
323 564 420 616 ornant,
432 559 485 607 libn
495 559 597 607 secundi
643 575 683 608 em
694 559 802 622 implent.

131 666 200 717 θοοὶ.
213 667 251 716 71.
268 667 372 732 Equum
382 664 526 729 admunt]
557 665 601 715 Ex
611 666 723 730 equitum
734 682 844 726 numero,
853 666 940 730 quibus
949 682 963 717 e
973 664 1070 731 publico
1080 667 1121 716 da-

96 752 172 802 batur
183 767 268 814 equus,
279 749 444 815 expunxisset

132 837 177 887 Ito
189 835 337 901 imbuendus
347 842 386 885 eat
396 835 429 897 is]
464 835 623 885 Consonuere
640 850 713 885 snam
727 842 844 885 naturam
856 837 936 896 debet,
947 851 1075 900 moresque
1088 835 1121 886 sd

96 923 153 973 hrec
165 937 255 986 genera
267 922 423 970 ridiculorum
434 926 492 982 apte
504 920 670 983 exprimenda.

133 1006 202 1056 Sect.
214 1004 253 1054 72.
278 1004 312 1054 In
323 1004 490 1068 argumentis]
525 1003 553 1053 si
571 1020 650 1054 causa
665 1005 746 1069 magis
762 1005 842 1054 evinci
859 1011 941 1070 potest
957 1003 1121 1071 argumentis,

97 1106 175 1154 qnam
185 1089 359 1153 permovendis
371 1088 468 1138 animis.

134 1175 226 1223 Omnia
237 1176 265 1222 in
276 1174 348 1222 illum
359 1172 484 1234 censeam
496 1173 556 1236 tela]
590 1172 647 1222 Vim
664 1189 764 1223 omnem
775 1172 891 1223 erationis
908 1189 939 1223 ac
950 1175 1023 1223 robur
1033 1175 1065 1224 ad
1081 1190 1120 1224 rs·

96 1258 234 1308 fellandum
245 1257 413 1309 adversarium
424 1258 562 1306 adhibeam.

132 1343 199 1392 Sect
213 1342 251 1391 73.
278 1341 464 1403 Tectimimum]
498 1342 539 1390 Ab
549 1343 616 1390 omni
628 1349 696 1406 parte
708 1349 789 1392 tutum
803 1348 890 1391 contre
902 1342 1009 1391 hostium
1021 1343 1079 1391 tela.

128 1427 200 1477 ¹Sect.
214 1429 252 1476 74.
277 1427 334 1475 Non
345 1426 407 1475 milri
418 1426 523 1488 adtulit]
558 1425 628 1475 Nihil
646 1443 687 1476 me
702 1427 793 1491 juvant
808 1427 847 1475 vel
866 1427 1045 1476 Themistocles
1062 1440 1120 1476 cum

96 1528 144 1561 sua
155 1510 284 1568 memoria,
296 1512 336 1562 vel
347 1511 451 1559 Crassus
462 1526 521 1560 cum
533 1510 663 1572 prudentia
674 1527 727 1560 sua.

132 1597 201 1645 Sect.
214 1596 253 1644 75.
280 1595 466 1658 Versanturque
486 1597 513 1643 in
534 1595 639 1644 hostiurn
660 1596 761 1658 caetris]
797 1594 932 1658 Expcnunt
954 1594 1120 1667 validissimas

97 1681 297 1731 adversariorum
314 1680 427 1737 rationes,
439 1695 503 1743 quas
521 1679 618 1744 penitus
634 1681 743 1729 refellere
762 1696 810 1729 non
823 1681 915 1737 valent,
927 1686 952 1728 et
968 1678 1121 1743 precipuum

98 1782 182 1836 eansae
194 1781 245 1814 suae
256 1765 328 1814 robur
339 1765 474 1814 dimittunt.
917 1822 920 1831 .

131 1851 191 1900 Non
202 1850 385 1911 adveraorium]
420 1848 493 1907 Quod
505 1847 670 1913 aggredereris
681 1847 918 1906 non'adversarium,
931 1849 973 1898 sed
990 1855 1121 1912 patronum

98 1934 243 1986 adversarii.

132 2021 200 2069 Scct
213 2020 251 2068 77.
274 2019 334 2069 Pro
345 2019 415 2067 nobie
426 2025 464 2067 eet
470 2016 589 2079 serenda]
623 2016 711 2066 Palam
723 2023 759 2065 est
770 2016 939 2081 significanda.

132 2106 204 2153 Sect.
216 2103 255 2153 78.
281 2103 384 2153 Viribus
395 2106 450 2152 cuir
461 2103 602 2164 conmlant]
636 2100 662 2149 N
663 2119 677 2150 e
688 2103 751 2150 vires
767 2110 859 2150 temere
869 2103 937 2150 velut
948 2101 1078 2151 effundant
1094 2102 1120 2152 in

98 2189 152 2253 ipsa
163 2187 313 2245 velitatione,
325 2189 365 2237 sed
378 2203 421 2236 eas
431 2202 523 2252 pugne
535 2194 666 2235 reservent.

132 2274 201 2323 Soet.
214 2273 252 2321 79.
279 2273 390 2332 Quorum
406 2288 447 2319 rer
463 2270 511 2333 ert]
546 2270 658 2328 Quorum
679 2272 761 2334 agitur
781 2286 865 2327 cerna,
886 2271 939 2321 sive
959 2269 1121 2320 defendantur

10 2402 12 2407 .
97 2357 150 2407 sire
163 2362 320 2406 accusentur.

131 2441 252 2491 Sectdd.
278 2440 380 2489 Oratori
401 2455 475 2489 ecana
492 2438 620 2500 videntur]
654 2438 751 2503 Magna
773 2440 901 2488 hominum
926 2439 1061 2501 frequentia
1082 2446 1120 2489 est

97 2525 188 2576 oratori
205 2525 273 2588 quasi
296 2526 428 2583 theatrum,
452 2525 478 2572 in
494 2539 542 2586 quo
559 2539 630 2572 suam
648 2524 811 2585 eloquentiam
831 2524 937 2586 explicat
959 2539 1017 2572 cum
1041 2525 1120 2589 digni·

97 2618 159 2660 tate.

132 2695 166 2743 m·
177 2699 215 2743 eat
227 2694 253 2741 in
265 2692 348 2757 aliquo
359 2700 428 2742 motu
439 2707 491 2740 auc
503 2690 662 2756 cupiditatis]
697 2692 765 2740 Solet
777 2693 812 2740 uti
824 2693 955 2741 multitudo
967 2693 1068 2742 adversa
1079 2709 1120 2742 ec·

97 2779 257 2835 clamatione,
269 2794 326 2827 eum
344 2778 425 2838 aliqua
437 2775 572 2840 cupiditate
590 2777 628 2825 rel
645 2784 714 2825 metu
731 2777 898 2839 perturbetur:
914 2784 974 2825 tunc
986 2776 1054 2825 eninr
1069 2792 1119 2827 non

95 2863 205 2914 libenter
216 2862 286 2911 audit
296 2877 339 2911 eos
349 2861 391 2924 qui
402 2876 454 2910 suas
467 2861 594 2924 cupiditati
606 2863 730 2909 resistunt.

132 2949 201 2998 Sect-
213 2946 253 2997 86.
280 2945 537 3009 ihsqoemndmodnm
554 2946 751 3008 hierutirfaciar
766 2945 869 3008 videris]
903 2945 965 2995 Vide
981 2961 1014 2995 an
1027 2962 1077 2996 non
1093 2946 1120 2996 id

97 3048 165 3099 aegre
176 3032 249 3081 laturi
261 3032 311 3080 sint
321 3031 408 3079 Oaesar
420 3035 444 3080 et
458 3030 570 3080 Catulus.

132 3118 202 3167 Seot.
213 3115 254 3165 87.
278 3114 404 3166 [eruendo
416 3117 489 3178 qnasi
501 3116 648 3177 teneremur]
682 3115 753 3165 Adeo
764 3121 793 3164 nt
805 3131 860 3178 qure
870 3114 914 3164 vix
927 3113 1066 3178 effingimus
1077 3130 1120 3164 oo·

98 3201 227 3267 gitatione,
238 3200 281 3249 rlla
291 3200 344 3263 ipsa
355 3198 429 3249 certis
439 3199 587 3264 imaginibus
600 3206 686 3248 notata
697 3200 767 3261 quasi
778 3198 924 3248 videremus.

132 3285 242 3335 Modicia
253 3284 404 3346 inre-valtis]
438 3283 525 3335 Multis
536 3283 562 3332 in
578 3284 638 3332 locis
649 3283 696 3331 illre
706 3280 827 3346 imagines
837 3284 955 3347 ponende
966 3289 1025 3334 sunt
1041 3297 1119 3347 neque

96 3370 154 3419 hrec
164 3369 221 3418 loca
233 3385 248 3418 a
260 3384 287 3418 se
298 3368 407 3419 invicem
418 3369 510 3417 distare
521 3367 653 3416 admodum
670 3367 768 3426 debent,
780 3384 860 3431 neque
872 3367 988 3418 intricata
999 3376 1024 3418 et
1041 3367 1120 3432 impe-

98 3453 152 3504 dita
163 3466 227 3503 essa.

132 3536 295 3601 Imaginibus
305 3543 389 3587 nutem
401 3535 545 3601 agentibus]
579 3534 638 3584 Non
648 3535 736 3598 qnietis
748 3543 774 3585 et
784 3538 899 3587 immotis.

133 3621 283 3687 Inrignitir]
317 3621 481 3672 Vehementer
492 3621 602 3670 enimmn
614 3620 804 3685 impellentibus,
816 3629 841 3672 et
853 3638 908 3686 qum
919 3621 1010 3684 aliquid
1025 3619 1120 3687 insigne

98 3704 216 3758 habeant.
279 3710 281 3714 “
310 3710 314 3717 ’“

133 3791 203 3842 Seot.
215 3790 255 3841 90.
278 3790 319 3841 Ne
330 3790 393 3853 quid
405 3789 515 3840 Catulus
525 3791 642 3918 ottu2lelrit
652 3790 795 3854 religionir]
828 3789 869 3839 Ne
880 3791 938 3853 quid
954 3788 1066 3854 injecerit
1076 3787 1120 3839 tibi
