2444 4276
343 390 382 432 nn
403 388 544 431 omnonn
565 388 654 429 niam
675 346 812 430 unumne.
1028 371 1088 430 179

59 528 247 603 'finitimum
261 546 330 610 est3
353 537 417 617 qud
432 537 492 599 hoc
508 537 615 598 mimis
636 533 832 599 inci-atione
856 528 1031 608 m'ne'mur3
1053 536 1088 598 in

66 627 141 705 qud,
165 624 221 685 vel
247 643 288 684 ex
314 625 417 703 poetis
439 621 709 692 veteratoribus,
732 640 905 702 possumus
927 620 1088 698 judicare,

12 710 47 761 w*
68 711 276 780 concinnam,
287 707 485 779 distinctam,
498 714 658 776 ornatam,
671 705 834 778 festivam,
846 707 916 773 sine
927 707 1089 767 intermis-

68 794 169 864 sifinn,
185 794 256 854 sine
272 791 532 872 reprehensione.
547 792 617 851 sine
633 788 805 862 varietate,
820 791 973 871 quamvis
991 786 1090 852 claris

68 880 110 939 sit
126 876 291 938 coloribus
305 878 396 958 picta
411 872 464 936 v'el
480 876 585 956 poesis
599 876 782 946 vel'oram,
797 896 862 938 non
877 894 971 955 posse
987 877 1021 935 in
1036 875 1089 936 de*-

68 962 249 1024 laetatione
260 980 331 1022 esse
341 960 502 1022 difiturnd.
547 959 654 1039 Atque
671 959 710 1021 co
722 961 817 1021 citius
832 962 866 1021 in
881 959 1019 1021 oratoris
1030 968 1089 1021 aut

67 1048 103 1108 in
127 1051 235 1127 potitae
260 1045 419 1107 cincinnis
444 1064 483 1106 ao
507 1043 583 1105 ilico
607 1042 792 1117 offenditur,
806 1044 892 1125 quod
918 1063 1040 1115 sensae,
1056 1046 1089 1105 in

68 1132 172 1192 nimie
183 1130 364 1210 voluptate,
373 1128 499 1200 natura,
511 1148 577 1190 non
587 1137 697 1216 mente
709 1131 891 1201 satiantur3
914 1130 948 1189 in
961 1130 1089 1208 scriptis

69 1222 103 1276 et
126 1218 161 1276 in
176 1214 282 1297 dictis,
296 1233 361 1275 non
384 1215 515 1274 aurium
528 1214 642 1284 solim,
657 1212 714 1275 sed
729 1215 831 1275 animi
849 1213 976 1291 judicio
989 1214 1091 1274 etiam

68 1299 179 1377 magis
195 1297 344 1359 infucata
359 1298 442 1359 vitia
457 1306 643 1377 noscuntur.

112 1382 233 1445 XXVI.
265 1381 389 1458 Quare,
411 1379 520 1442 Bene!
547 1391 582 1443 et
605 1380 789 1443 Praeclurd!
819 1380 972 1460 quamvis
996 1379 1089 1441 nobis

69 1469 159 1548 saepe
186 1466 333 1527 dicatur:
357 1464 465 1526 Belle!
492 1475 526 1528 et
552 1454 697 1528 Fectz‘od!
727 1466 865 1526 nimium
887 1465 973 1545 saepd
995 1464 1092 1537 nolo;

69 1570 263 1633 quanquam
277 1551 336 1612 illa
351 1546 645 1630 ipsaexolamatio,
660 1569 722 1610 non
731 1559 831 1632 potest
845 1547 964 1620 melida,
979 1549 1021 1609 sit
1036 1568 1090 1609 ve-

69 1638 130 1719 lim
145 1635 284 1696 crebra:
307 1635 363 1696 sed
378 1632 501 1696 habeat
516 1644 627 1696 tamen
643 1635 702 1695 illa
717 1636 750 1694 in
765 1633 903 1696 dicendo
918 1633 1093 1694 admiratio

70 1734 112 1782 ac
128 1738 261 1781 summa
275 1720 349 1780 laus
371 1719 524 1791 umbram
539 1720 685 1799 aliquam
700 1713 733 1779 'et
756 1738 931 1790 recessum,
946 1717 1009 1798 quo
1024 1736 1092 1778 ma

69 1803 122 1884 gis
137 1804 181 1876 id,
196 1802 283 1883 quod
298 1812 359 1865 ent
374 1804 607 1876 lllummdtum,
622 1813 752 1864 exstare
771 1803 1031 1882 atque“cminre
1046 1803 1093 1862 vi·

70 1888 200 1951 deatur.
246 1886 425 1968 Nunquam
442 1889 513 1967 agit
527 1886 614 1950 huno
629 1907 762 1948 versum
781 1886 919 1949 Roscius
934 1907 973 1949 eo
988 1882 1094 1964 gestu,

70 1993 137 2053 quo
152 1980 272 2054 potest,

141 2112 216 2166 Nam
227 2113 332 2182 sapiens
343 2112 436 2165 virtuti
447 2112 569 2165 honorem
576 2112 719 2181 premium,
729 2111 800 2164 haud
807 2111 931 2181 produn,
940 2112 1024 2180 petit:

71 2238 131 2303 sed
146 2239 264 2317 abjicit
278 2257 417 2320 prorsus,
432 2230 469 2300 ut
484 2239 521 2299 in
533 2238 705 2319 proximos,

215 2378 321 2448 Ecquid
331 2378 426 2430 video?
436 2375 515 2446 ferro
527 2385 616 2446 septus
623 2378 741 2446 possidet
751 2378 828 2430 sedes
839 2379 949 2430 merce!

72 2519 210 2593 incidat,
225 2517 395 2599 adspiciat,
407 2516 595 2589 admiretur,
603 2523 782 2597 stupescat.
827 2514 917 2592 Quid
931 2515 987 2577 ille
1002 2515 1096 2588 alter,

288 2658 360 2724 Quid
367 2666 457 2727 petam
464 2657 604 2793 pqaesidii?

451 2742 468 2793 q
528 2742 547 2783 ,¹

73 2798 174 2897 quam
187 2794 324 2859 leniter!
347 2796 445 2876 quam
454 2795 588 2869 remisse
602 2770 609 2854 1'
630 2793 728 2874 quam
742 2811 808 2855 non
819 2748 972 2856 aotudsei
994 2793 1098 2859 instat

74 2903 166 2946 emm

289 3013 406 3081 Opater,
418 3028 433 3062 o
441 3013 540 3081 patria,
553 3028 568 3062 o
581 3011 685 3064 Priami
697 3010 807 3064 domus!

74 3160 109 3220 in
118 3161 191 3236 ¹qut)
213 3161 308 3215 tanta
323 3153 522 3215 commoveri
545 3154 632 3214 actio
647 3173 713 3215 non
736 3160 856 3235 posset,
870 3151 898 3212 si
914 3158 1000 3212 esset
1020 3169 1096 3212 con·

75 3249 187 3304 sumta
209 3238 374 3318 superiore
397 3236 490 3300 motti
503 3247 537 3298 et
558 3235 891 3335 exhaustassNeque
913 3234 947 3297 id
969 3242 1098 3297 actores

75 3327 167 3408 prius
178 3323 339 3393 viderunt,
350 3321 447 3401 quam
459 3323 521 3402 ipsi
535 3326 649 3402 poetae,
661 3321 758 3400 quem
773 3319 911 3400 deniqne
923 3320 972 3381 illi
985 3320 1097 3391 etiam

75 3411 132 3489 qni
154 3408 303 3469 fecerunt
325 3406 438 3468 modos
460 3404 621 3485 aquibus
643 3406 787 3483 utrisque
811 3403 1016 3466 submittitur
1039 3404 1097 3465 ali·

75 3493 164 3573 quid,
179 3490 295 3553 deinde
317 3488 467 3569 augetur,
482 3483 686 3560 extenuatur,
701 3487 845 3560 infldtun
860 3490 1020 3560 variatur,
1035 3488 1097 3550 dia

76 3581 124 3640 tin
175 3577 249 3637 ‘tun
611 3572 615 3579 '
849 3591 852 3598 ·

119 3597 228 3722 Igtdlsit
249 3658 342 3720 nobis
365 3659 466 3736 igitur
481 3653 617 3719 ornatus
632 3666 665 3718 et
689 3657 802 3718 suavis
816 3666 934 3728 orator,
951 3657 1025 3736 (nec
1048 3664 1097 3715 ta·

77 3765 155 3808 men
176 3751 284 3824 potest
299 3743 396 3804 aliter
411 3741 495 3819 esse)
511 3751 549 3803 ut
567 3739 768 3804 suavitatem
790 3742 914 3802 habeat
929 3747 1098 3800 austeram

78 3839 112 3892 et
135 3827 284 3899 solidam,
297 3846 363 3888 non
385 3825 516 3887 dulcem
529 3832 629 3903 atque
652 3824 843 3887 decoctam:
864 3841 943 3884 nam
966 3824 1041 3899 ipsa
1054 3820 1098 3879 ad

692 3940 830 4011 ‘'Ussu—
