2434 4286
151 344 193 407 78
412 358 453 405 os
473 357 615 403 carrona
634 356 724 403 ιιιιιιι
744 358 906 407 morose

147 508 257 590 ceptis
277 508 354 569 suis
398 504 489 567 Nam
509 511 544 566 et
565 504 790 567 testimonium
810 507 900 588 saepe
921 468 1102 575 dicendum
1116 520 1208 587 cst,

152 613 194 654 ac
216 610 451 670 nonnunquam
466 591 567 651 etiam
590 592 787 663 accuratius
802 602 839 653 ut
854 592 935 654 mihi
957 614 1096 656 necesse
1114 590 1208 661 soit

153 678 186 738 in
210 675 286 739 Sex.
302 676 437 745 Titium,
451 673 641 735 seditiosum
663 675 772 735 civem
792 687 826 737 et
848 676 1097 743 turbulentum:
1124 702 1182 744 ex·

152 761 308 841 plicavi,
300 780 334 820 m
350 779 389 820 eo
404 759 592 820 testimonio
613 757 761 829 dicendo,
775 761 887 822 omnia
901 763 1040 823 consilia
1058 784 1182 829 consu-

153 847 240 989 lsatds
262 846 339 924 mei,
351 843 468 923 quibus
492 842 540 905 illi
562 842 692 905 tribuno
715 843 822 923 plebis
845 864 903 925 pro
920 866 955 906 rc
977 846 1115 926 publico
1131 871 1209 913 re·
1208 858 1209 885 ¹

171 931 328 1000 titissem;
351 946 487 1025 quaeque
504 926 547 987 ab
563 947 602 988 eo
618 934 734 989 contra
755 929 993 1009 rempublicam
1015 931 1111 993 facta
1128 955 1183 996 ar-

154 1013 303 1084 bitrarer,
325 1012 469 1092 exposui.
514 1008 580 1073 Diu
609 1020 756 1073 retentus
784 1032 877 1084 sum:
906 1010 1012 1075 multa
1037 1016 1210 1091 audiri:

153 1097 259 1158 multa
273 1095 434 1177 respondi
478 1093 645 1156 Num't
584 1096 645 1171 rgit
647 1114 686 1155 ur
707 1095 826 1176 placet,
842 1099 917 1159 cum
931 1097 971 1159 de
987 1092 1210 1201 eloquentia

154 1182 337 1277 praecipias,
359 1179 481 1259 aliquid
504 1181 605 1239 etiarn
629 1178 669 1240 de
692 1181 886 1243 testimoniis
908 1181 1064 1254 dicendis,
1079 1188 1182 1263 quasi
1210 1254 1211 1267 χ

154 1265 189 1326 in
204 1276 274 1326 arte
290 1261 441 1326 tradere?
474 1262 567 1324 Nihil
584 1280 673 1334 sane,
685 1264 789 1361 inquit
804 1263 866 1325 (lat
854 1266 950 1336 tulus,
961 1286 1099 1330 necesse
1118 1280 1181 1332 est.
1210 1270 1211 1303 ³

196 1348 265 1412 Xll.
288 1347 378 1424 Quid
390 1366 417 1408 si
408 1346 526 1427 (quod
538 1347 625 1426 soept':
633 1350 771 1408 summis
779 1350 857 1408 viris
868 1350 1001 1427 accidit)
1015 1353 1182 1416 mandata

154 1435 219 1495 sint
231 1433 433 1514 exponenda,
448 1440 507 1491 aut
521 1432 554 1491 in
570 1439 688 1492 senatu
703 1431 769 1492 ab
761 1443 968 1512 imperatore,
983 1444 1042 1497 aut
1057 1436 1129 1497 ιιι1Ἰ
1119 1458 1182 1500 ιιιι-

154 1528 338 1647 peratorem
354 1525 412 1577 aut
427 1515 470 1576 ad
492 1534 605 1593 regem
619 1515 735 1576 autad
751 1517 914 1612 populum
929 1519 1073 1597 aliquem
1090 1541 1114 1581 a
1129 1542 1182 1585 se·

154 1599 257 1663 natu?
282 1621 370 1672 num,
385 1602 463 1679 quia
484 1619 604 1676 genere
620 1600 806 1661 orationis
797 1621 844 1660 ιιι
855 1600 1040 1680 hujusmodi
1064 1608 1182 1669 causis

155 1687 360 1747 accuratiore
376 1694 426 1746 est
441 1683 609 1754 utendum,
623 1682 745 1744 idcirco
761 1702 837 1781 pars
852 1688 954 1747 etiarn
970 1686 1041 1749 haec
1056 1708 1182 1751 causa-

154 1789 228 1831 rum
243 1767 447 1830 numeranda
462 1766 600 1865 videtur,
618 1776 677 1831 aut
700 1754 838 1847 propriis
859 1772 1034 1850 praeceptis
1056 1773 1181 1835 instru-

155 1851 263 1915 endal
310 1852 447 1915 Minime
470 1851 548 1912 vero
571 1852 674 1930 inquit
689 1850 844 1912 Catulus:
871 1874 935 1915 non
959 1855 1045 1917 enim
1070 1856 1183 1919 deerit

154 1937 278 1999 homini
299 1938 399 1999 disert
386 1946 419 1999 to
444 1938 479 1998 in
501 1935 663 2016 ejusmodi
685 1936 783 1997 rebus
806 1935 956 2009 facultas,
979 1958 1020 2000 ex
1045 1943 1182 2004 caeteris

153 2022 252 2084 rebus
267 2031 301 2082 et
316 2022 425 2083 causis
440 2029 641 2100 comparata.
685 2019 798 2098 Ergo
790 2030 879 2093 rtem,
894 2023 1007 2101 inquit,
1021 2023 1090 2094 illa,
1101 2044 1181 2104 quae

154 2123 241 2185 saepe
257 2105 375 2167 diserte
345 2103 523 2182 tegenda
545 2114 630 2174 sunt,
644 2113 677 2164 et
698 2124 771 2183 quae
790 2124 852 2182 ego
874 2106 974 2186 paulo
989 2107 1066 2168 ante
1086 2108 1181 2186 (cum

154 2190 377 2268 eloquentiam
392 2187 575 2267 laudarem)
592 2188 659 2249 dixi
675 2190 811 2249 oratoris
827 2209 909 2260 esse,
924 2210 1029 2269 neque
1049 2190 1180 2256 habent

154 2293 252 2337 suum
273 2274 382 2345 locum
397 2273 531 2333 ullum
523 2293 557 2333 m
576 2271 734 2334 divisione
756 2276 910 2353 partium,
924 2294 1029 2353 neque
1045 2286 1178 2339 certum

154 2368 392 2439 praeceptorum
408 2375 533 2434 genus:
556 2366 588 2418 et
604 2357 734 2433 agenda
750 2368 825 2418 sunt
839 2378 903 2419 non
922 2360 1029 2421 minus
1044 2358 1180 2434 diserte,

154 2442 252 2521 quam
266 2461 339 2521 quae
355 2441 388 2502 in
403 2442 460 2502 lite
476 2440 637 2511 dicuntur,
649 2440 843 2518 objurgatio,
858 2441 1048 2514 cohortatio,
1060 2463 1180 2507 conso·

153 2526 253 2588 latio:
276 2545 413 2606 quorum
427 2523 510 2586 nihil
531 2534 589 2596 est,
604 2524 689 2604 quod
712 2545 775 2585 non
791 2544 921 2587 summa
935 2526 1063 2588 dicendi
1077 2548 1179 2590 orna-

154 2621 267 2673 menta
282 2609 461 2673 desideret:
484 2609 541 2671 sed
556 2629 597 2671 ex
612 2607 752 2670 artificio
766 2629 818 2670 res
840 2612 912 2671 istae
926 2619 1095 2691 praecepta
1108 2632 1180 2675 non

154 2706 312 2774 quaerunt.
357 2693 469 2777 Plane,
485 2695 590 2774 inquit
605 2691 751 2763 Catulus,
767 2695 934 2755 assentior.

197 2780 269 2856 Age
293 2778 380 2849 vero,
395 2779 500 2858 inq'uit
524 2779 693 2846 Antonius
708 2777 815 2855 qualis
838 2780 986 2849 oratorie,
1001 2788 1035 2840 et
1057 2782 1180 2856 quanti

154 2861 294 2924 hominis
309 2865 343 2923 in
358 2862 504 2933 dicendo,
520 2873 618 2942 putas
632 2879 713 2931 esse,
727 2860 899 2923 historiam
914 2860 1080 2924 scriberet
1127 2863 1179 2935 Si,

154 2958 192 3008 ut
205 2945 312 3008 Graeci
328 2947 536 3026 scripserunt,
552 2946 679 3016 summi,
695 2946 800 3023 inquit
814 2944 973 3008 Catulus:
996 2947 1033 3017 si,
1048 2956 1085 3007 ut
1101 2966 1178 3008 nos-

153 3031 206 3102 tri,
219 3030 299 3093 nihil
315 3049 397 3110 opus
408 3041 457 3091 cst
472 3040 618 3091 oratore:
641 3028 720 3090 satis
735 3039 794 3101 est,
805 3050 869 3092 non
884 3050 955 3092 esse
968 3030 1177 3093 mendacem.

154 3114 266 3192 Atqui,
290 3134 333 3176 ne
359 3124 485 3177 nostros
511 3123 711 3184 contemnas„
736 3115 842 3193 inquit
867 3115 1038 3185 Antonine,
1063 3113 1177 3177 Graeci

154 3218 282 3277 quoque
308 3201 370 3279 ipsi
394 3199 441 3260 sic
463 3199 556 3259 initio
578 3197 809 3277 scriptitarunt.
831 3208 867 3259 ut
889 3207 999 3260 noster
1020 3197 1114 3269 Cato,
1137 3208 1178 3261 ut

154 3281 273 3356 Pictor,
287 3293 325 3345 ut
340 3282 424 3346 Piso.
468 3282 552 3345 Erat
568 3283 655 3342 enim
677 3280 813 3343 historia
828 3281 909 3344 nihil
924 3282 1023 3348 aliud.
1039 3283 1100 3342 nisi
1116 3301 1177 3343 an·

154 3367 281 3429 nalium
302 3367 481 3430 confectio:
504 3368 598 3444 cujus
618 3366 675 3436 rei,
689 3365 919 3446 memoriaque
940 3366 1081 3447 publicae
1097 3368 1177 3427 reti-

154 3451 270 3513 nendae
292 3453 402 3522 causa,
417 3451 461 3512 ab
476 3451 569 3512 initio
583 3468 692 3513 rerum
713 3447 938 3510 Romanarum
953 3469 1054 3528 usque
1071 3449 1113 3510 ad
1137 3448 1175 3513 P.

154 3533 314 3606 Mucium,
332 3534 522 3615 pontificem
545 3535 735 3603 maximum,
758 3553 810 3594 res
834 3552 946 3595 omnes
970 3533 1177 3609 singulorum

155 3637 315 3680 annornm
331 3617 513 3679 mandabat
527 3618 630 3679 literis
651 3617 798 3697 pontifex
811 3618 984 3689 maximus,
999 3615 1177 3680 efferebat·

154 3721 217 3779 que
233 3704 267 3763 in
282 3701 414 3772 album:
437 3709 470 3761 et
485 3701 688 3781 proponebat
703 3701 853 3762 tabulam
867 3701 965 3775 domi,
976 3709 1123 3781 potestas
1137 3711 1176 3765 ut

154 3796 243 3846 essct
267 3785 388 3865 populo
413 3783 650 3860 cognoscendi:
679 3785 703 3845 ii
724 3785 780 3861 qui
802 3786 904 3849 etiam
925 3805 1013 3847 nunc
1035 3785 1177 3850 annales
