2434 4286
142 376 204 434 114
403 388 442 431 oa
463 386 604 430 canrosa
624 388 714 430 amau
734 388 895 431 susumus.

139 538 242 610 beret,
258 546 297 599 et
313 557 372 618 pro
393 537 467 599 med
481 537 569 598 omni
590 534 679 597 samri
699 538 799 617 propri
821 536 1033 615 fortunisque,
1048 536 1165 599 decer·

140 644 241 693 nere3
263 621 343 684 nihil
359 622 438 683 mihi
455 622 497 681 ad
512 621 788 683 existimationem
800 622 935 701 turpius
952 622 1031 684 nihil
1047 622 1089 683 ad
1107 623 1165 684 do·

141 708 244 769 lorem
259 707 411 771 acerbius
426 705 576 767 accidere
592 724 696 785 posse,
707 707 805 785 quam
820 708 847 766 si
862 707 899 776 ia,
911 708 966 785 qui
982 708 1068 788 saepe
1080 708 1166 768 alie-

141 793 283 853 nissimis
296 813 317 853 a
328 812 391 862 me,
403 790 460 861 sed
475 792 556 851 meis
567 799 681 850 tamen
692 790 829 865 civibus,
840 791 939 850 saluti
954 793 1167 853 existimarer

141 875 252 948 fuisse,
268 876 372 938 sodali
388 895 461 936 meo
477 875 636 934 auxilium
652 873 736 936 ferre
753 895 816 936 non
832 876 1022 956 potuissem.
1067 876 1165 937 Pete·

142 960 220 1021 bam
236 982 257 1022 a
267 961 443 1039 judicibus,
454 970 491 1020 ut
506 957 585 1019 illud
602 961 693 1020 aetati
707 978 800 1031 meae,
812 970 848 1020 ut
864 959 1048 1031 honoribus
1060 971 1098 1020 ut
1115 981 1165 1022 re·

143 1044 204 1105 bus
219 1047 329 1123 gestis
344 1046 370 1105 si
388 1047 487 1123 justo,
503 1044 531 1103 si
552 1043 607 1122 pio
622 1042 730 1104 dolore
746 1064 798 1105 me
814 1064 885 1105 esse
902 1041 1058 1104 affectum
1072 1044 1166 1106 vide·

143 1139 225 1200 rent,
241 1129 477 1200 concederent3
500 1129 682 1208 praesertim
698 1130 725 1189 si
748 1130 780 1188 in
796 1128 872 1189 aliis
888 1129 997 1190 causis
1013 1130 1166 1190 intellex-

144 1214 254 1285 issent,
269 1216 381 1276 omnia
403 1234 455 1274 me
471 1231 600 1291 semper
621 1231 680 1292 pro
695 1214 877 1274 amicorum
899 1214 1065 1293 periculis
1079 1213 1166 1275 nihil

144 1317 290 1377 unquam
305 1319 363 1379 pro
378 1300 512 1377 meipso,
527 1297 748 1376 deprecatum.
794 1296 859 1367 Sic,
874 1298 908 1357 in
930 1297 987 1358 illd
1004 1299 1092 1358 omni
1108 1298 1166 1359 de·

145 1381 290 1444 tensione
307 1393 406 1462 atque
423 1382 532 1453 causti,
546 1380 630 1460 quod
648 1400 719 1441 esse
735 1383 768 1442 in
784 1389 855 1443 arte
871 1382 1013 1461 positum
1027 1381 1166 1443 videba-

143 1475 206 1537 tur,
221 1478 258 1528 ut
273 1466 312 1528 de
336 1468 409 1544 lege
426 1466 566 1547 Apuleia
580 1465 732 1536 dicerem,
747 1474 792 1536 ut,
807 1465 885 1545 quid
907 1475 993 1527 esset
1014 1468 1166 1528 minuere

144 1554 363 1629 majestatem,
375 1552 584 1630 explicarem,
595 1568 753 1630 perquam
768 1549 911 1611 breviter
925 1550 1099 1629 perstrinxi
1116 1560 1167 1611 at·
1206 1618 1207 1627 χ

145 1655 208 1714 que
225 1636 331 1713 attigi.
375 1635 438 1696 His
458 1633 587 1696 duabus
608 1634 757 1714 partibus
772 1636 937 1705 orationis
952 1654 1093 1713 quarum
1117 1635 1166 1695 al-

145 1730 218 1780 tera
233 1721 485 1799 concitationem
501 1717 609 1789 hahet,
625 1720 733 1780 altera
748 1718 1073 1791 commendationem,
1088 1738 1165 1798 quae
1206 1746 1207 1783 l

145 1805 279 1865 minime
295 1805 467 1885 praeoeptis
478 1804 599 1864 artium
614 1813 689 1863 sunt
704 1803 882 1884 perpolita,
893 1805 998 1863 omnis
1012 1812 1062 1864 est
1077 1823 1099 1863 a
1111 1823 1166 1864 me

146 1888 204 1950 illa
220 1909 323 1950 causa
338 1897 492 1958 tractata,
504 1898 540 1949 ut
555 1895 588 1948 et
611 1891 790 1948 acerrimus
804 1887 838 1946 in
853 1885 1016 1968 Caepionis
1039 1887 1167 1948 invidia

142 1972 344 2044 renovanda,
361 1983 394 2033 et
419 1974 454 2033 in
474 1973 557 2033 meis
580 1972 723 2032 moribus
745 1991 826 2048 erga
847 1991 937 2032 meos
959 1972 1167 2033 necessarios

147 2056 353 2119 declarandis
368 2057 658 2126 mansuetissimus
671 2055 807 2117 viderer.
852 2055 903 2116 Ita
917 2055 1023 2133 magis
1035 2053 1167 2118 affectis

147 2143 266 2202 animis
285 2142 445 2220 judicum,
463 2142 561 2220 quam
583 2140 696 2211 doctiS,
720 2150 787 2212 tua,
803 2138 938 2220 Sulpici,
953 2149 1002 2201 est
1025 2159 1046 2199 a
1068 2141 1166 2201 nobis

146 2234 218 2287 tum
233 2227 402 2286 accusatio
418 2226 516 2285 victa.

191 2310 227 2372 L.
251 2308 315 2371 Hie
337 2307 511 2389 Sulpicius,
526 2306 622 2381 Vere,
644 2307 786 2379 hercule,
808 2309 922 2387 inquit,
946 2309 1079 2380 Antoni,
1100 2310 1167 2370 ista

147 2413 405 2455 commemoras:
428 2413 506 2454 nam
522 2413 584 2470 ego
598 2393 679 2454 nihil
702 2412 848 2471 unquam
862 2393 938 2465 vidi,
953 2393 1038 2472 quod
1060 2403 1132 2453 tam
1147 2414 1166 2454 e

147 2479 301 2540 manibus
316 2476 511 2549 elaberetur,
526 2478 623 2556 quam
639 2476 717 2537 mihi
735 2487 806 2538 tum
821 2486 870 2537 est
885 2478 1000 2557 elapsa
1014 2476 1073 2538 illa
1088 2497 1166 2538 oau-

147 2582 195 2623 sa.
240 2562 322 2624 Cium
338 2563 426 2623 enim
444 2560 730 2641 (quemadmodum
745 2560 868 2638 dixisti)
885 2561 944 2622 tibi
960 2581 1022 2638 ego
1036 2580 1102 2621 non
1113 2561 1166 2638 ju·

147 2646 279 2712 dicium.
294 2646 350 2708 sed
373 2646 568 2717 incendium,
584 2645 808 2718 tradidissem3
830 2644 916 2724 quod
931 2656 1024 2706 tuum
1046 2645 1167 2724 prinoi-
1205 2698 1206 2703 ,

148 2733 248 2811 pium,
264 2730 319 2793 Dii
341 2731 543 2792 immortales
558 2729 637 2790 suit!
668 2731 723 2807 qui
744 2728 859 2789 timor!
889 2749 961 2807 quae
984 2727 1166 2789 dubitatio!
1205 2740 1206 2745 ’

147 2823 273 2893 quanta
288 2813 459 2885 haesitatio,
471 2824 659 2892 tractusque
667 2811 859 2875 verborum!
881 2812 965 2875 Uttu
974 2812 1055 2874 illud
1063 2813 1167 2875 initio.

147 2900 234 2978 quod
255 2898 316 2960 tibi
331 2918 433 2961 unum
450 2897 492 2958 ad
511 2898 747 2976 ignoscendum
762 2898 909 2958 homines
924 2896 1057 2967 dabant,
1072 2904 1167 2957 tenu-

84 3036 88 3042 .
148 2983 221 3055 isti;
243 2992 276 3045 te
292 3003 351 3064 pro
366 2982 495 3044 homine
512 2984 765 3062 pernecessario,
780 2991 939 3059 quaestore
955 2990 1021 3052 tuo,
1037 2980 1167 3054 dicere3

148 3086 248 3146 quam
260 3067 319 3128 tibi
335 3068 475 3148 primum
487 3065 618 3128 munisti
631 3067 672 3127 ad
687 3075 721 3127 te
733 3064 933 3127 audiendum
945 3063 1052 3125 viam!
1076 3063 1166 3126 Ecce
1205 3084 1206 3129 3

149 3153 361 3222 autemeam
383 3162 415 3212 te
432 3151 512 3211 nihil
535 3151 624 3211 aliud
648 3149 823 3232 profecisse
843 3149 1029 3219 arbitrarer,
1043 3150 1108 3210 nisi
1131 3157 1168 3210 ut

148 3235 297 3300 homines
311 3236 380 3307 tibi,
396 3236 503 3296 civem
519 3235 702 3315 improbum
718 3233 914 3304 defendenti,
929 3233 1167 3311 ignoscendum

140 3329 281 3401 ,propter
302 3319 578 3381 necessitudinem
603 3319 859 3389 arbitrarentur;
882 3336 1012 3397 serpere
1037 3317 1167 3378 occulte

148 3406 287 3486 ooepisti,
298 3404 457 3465 nihildum
473 3404 546 3464 aliis
561 3403 812 3482 suspicantibus
823 3422 876 3462 me
892 3400 971 3462 vero
981 3403 1054 3479 jam
1069 3403 1167 3479 perti·

147 3497 323 3559 mescente,
339 3497 375 3548 ut
390 3488 491 3558 illam,
507 3507 571 3548 non
586 3485 735 3548 Norbani
757 3486 960 3555 seditionem,
976 3484 1032 3545 sed
1055 3487 1168 3564 populi

147 3571 289 3634 Romani
311 3572 526 3642 iracundiam,
542 3591 646 3649 neque
662 3591 737 3631 eam
760 3572 925 3648 injustam,
941 3568 997 3629 sed
1012 3571 1168 3631 meritam

148 3675 188 3716 ac
204 3656 358 3726 debitam,
373 3655 471 3716 fuisse
487 3655 686 3716 defenderes·
732 3652 859 3716 Deinde
875 3655 931 3732 qui
951 3654 1042 3714 locus
1057 3654 1119 3715 abs
1135 3664 1167 3716 te
1204 3704 1205 3725 ,

147 3741 384 3818 praetermissus
398 3751 448 3800 est
472 3742 506 3800 in
520 3736 729 3818 Caepionem?
757 3748 793 3799 ut
817 3751 853 3798 tu
876 3738 935 3798 illa
957 3739 1069 3798 omnia
1083 3738 1168 3810 odio,
1204 3732 1205 3789 l

148 3822 279 3894 invidia,
300 3823 520 3885 misericordia
542 3821 721 3883 miscuisti!
765 3821 882 3901 Neque
906 3820 979 3884 haeo
1003 3822 1111 3884 solum
1133 3825 1168 3884 in
1204 3864 1205 3907 ,
