2452 4290
142 352 184 409 66
424 370 463 411 ou
484 370 625 411 orurouu
646 369 735 411 trouu
756 369 874 412 errores.

141 514 281 596 publici,
295 516 416 578 nullius
430 519 610 579 ornamenti
634 526 802 598 expertem
816 537 887 580 esse
900 527 1061 601 oportere.
1108 520 1172 585 Tu

143 610 264 671 autem,
276 604 431 680 quoniam
445 603 575 679 exiguis
588 601 783 681 quibusdem
798 602 917 664 finibus
931 613 1036 666 totum
1051 615 1171 668 orato·

142 687 186 745 ris
201 704 320 745 munus
342 686 593 757 circumdedisti,
607 686 668 747 hoc
683 686 813 747 facilius
834 687 927 773 nobis
950 708 1093 769 expones
1110 711 1172 762 ea,
1219 732 1220 735 =

142 788 215 848 quae
228 768 287 828 abs
298 779 330 830 te
343 769 383 830 de
395 769 509 831 officiis
520 772 755 850 praeceptisque
768 773 907 833 oratoris
915 776 1053 852 quesita
1065 784 1171 847 sunt3

143 852 209 923 sed,
224 855 346 933 opinor,
368 854 547 916 secundum
569 854 655 915 hunc
670 853 775 915 diem:
798 856 877 917 setis
899 859 986 918 euim
1008 858 1120 918 multa
1146 878 1173 919 a
1219 872 1220 891 ³

143 936 236 999 uobis
258 935 353 999 hodie
369 938 558 999 dictasunt
603 937 700 999 Nunc
716 947 750 999 et
772 937 931 1012 Soaevola,
946 941 1104 1020 quoniam
1130 945 1172 1004 in

148 1020 367 1082 Tusculanum
390 1024 438 1084 ire
461 1023 788 1103 constituit,pauli1m
811 1025 1002 1103 requiescet,
1019 1024 1100 1086 dum
1128 1046 1171 1087 se
1219 1024 1220 1029 ’

95 1155 96 1160 ,
144 1106 234 1166 calor
248 1103 400 1182 franget3
423 1114 456 1167 et
470 1126 529 1167 nos
551 1108 622 1187 ipsi,
637 1107 790 1185 quoniam
806 1108 838 1168 id
857 1111 1013 1189 temporis
1027 1117 1087 1180 est,
1104 1131 1171 1171 vaf

144 1189 281 1250 letudini
309 1189 424 1251 demus
453 1210 596 1270 operam.
641 1190 770 1252 Placuit
794 1194 841 1253 sic
867 1192 1026 1254 omnibus.
1071 1193 1172 1256 Tum

144 1272 303 1343 Scaevola,
315 1272 412 1345 sane,
424 1275 537 1353 inquit,
549 1275 669 1336 vellem
684 1294 749 1335 nou
763 1277 1012 1350 constituissem,
1026 1279 1061 1338 in
1077 1278 1171 1340 Tus-

145 1359 301 1419 culanum
316 1377 368 1419 me
381 1358 475 1419 hodie
488 1368 662 1420 venturum
677 1378 757 1430 esec,
769 1359 888 1430 Laelio:
911 1360 1052 1429 libenter
1067 1363 1171 1424 audi·
1219 1372 1220 1405 f

144 1461 214 1503 rem
236 1442 425 1503 Antonium.
469 1441 523 1514 Et,
549 1445 624 1503 cum
653 1454 851 1521 exsurgeret,
878 1445 973 1506 simul
1001 1446 1172 1520 arridenS,
1219 1460 1220 1481 ³

144 1525 261 1605 Neque
285 1527 382 1598 enim,
405 1528 519 1605 inquit,
542 1537 612 1588 tam
636 1527 715 1588 mihi
738 1529 894 1589 molestus
911 1528 983 1601 fuit,
997 1529 1085 1609 quod
1104 1532 1171 1608 jus
1219 1552 1220 1565 ¹

40 1602 43 1611 '
108 1689 111 1693 Ι
144 1620 290 1671 nostrum
305 1611 402 1671 civile
418 1612 579 1690 pervellit,
591 1613 688 1691 quern
697 1612 873 1689 jucundus,
887 1611 973 1692 quod
987 1633 1022 1675 se
1037 1612 1071 1676 id
1087 1634 1171 1678 nes·

145 1695 212 1756 cire
228 1694 395 1757 confessus
410 1703 475 1756 est·
