2444 4276
91 535 168 585 verbs
178 547 312 583 numerose
325 533 446 583 collocata
456 540 522 583 sunt.
556 532 689 585 Conclusio
699 534 881 584 monimum
892 539 940 592 ent,
947 550 1007 584 cum
1019 539 1118 585 seuten-

91 618 135 667 tire
148 626 209 681 apta
221 617 318 682 periodo
330 611 578 680 comprehenduntur.
1004 604 1006 615 ¹

125 703 196 751 Sect.
208 702 232 751 9.
259 701 394 751 Verborum
405 704 634 766 notenticrumque
645 701 797 767 insignibus]
832 702 945 769 Insignis
955 703 1083 754 mierum
1092 709 1119 755 et

91 789 276 839 mamm
287 794 346 835 sunt
358 785 453 835 luminu
463 786 588 845 orationis,
597 788 658 849 tropi
669 794 695 836 et
705 787 796 852 ligurus⁸

126 872 196 921 Scct
208 871 248 920 10.
272 871 450 935 Hominemque
462 870 585 934 reddidit]
619 871 798 923 Humaniorem
809 871 900 923 effecit·

516 1021 576 1069 Cur.
596 1019 698 1095 los-16.

126 1131 226 1183 Multas
243 1133 298 1182 illos
317 1131 461 1182 Rhetorices
473 1132 653 1183 distributiones
670 1141 696 1182 et
713 1133 918 1196 partitioneenon
935 1135 1007 1185 anxie
1019 1150 1118 1195 eumue,

91 1214 171 1261 quum
183 1213 232 1246 non
244 1198 334 1255 omnia,
346 1215 501 1261 quaecunque
512 1200 649 1260 loquemur,
661 1200 693 1247 ad
704 1199 763 1249 artis
774 1208 897 1263 praecepta
908 1200 958 1251 sint
968 1203 1117 1260 revocanda.

91 1272 212 1313 naturam
228 1264 307 1326 potius
319 1278 373 1311 esse
385 1264 534 1325 sequendam
546 1263 671 1311 Antonius
681 1272 774 1322 monet,
787 1281 841 1328 quae
858 1267 950 1315 rectius
962 1269 1040 1315 multo
1052 1283 1118 1316 com-

90 1334 222 1385 monstret,
234 1329 354 1389 quomodo
366 1344 402 1376 cx.
415 1336 450 1393 gr.
462 1329 563 1376 laudaro
580 1329 655 1390 possis
667 1335 710 1377 aut
722 1329 873 1392 vituperare:
891 1330 964 1379 sicuti
976 1332 1118 1381 historicum

91 1409 192 1457 quoque
203 1409 324 1455 nusquam
336 1393 467 1457 separatim
476 1394 598 1441 rhetorum
610 1394 739 1456 prmceptis
750 1395 901 1444 instructum
910 1395 1021 1457 reperias,
1031 1413 1118 1459 quam·

92 1459 134 1508 ris
146 1460 172 1507 in
185 1458 433 1506 historit'exornandt
445 1459 604 1519 perplurimus
616 1457 647 1506 sit
659 1460 802 1522 eloquentie
810 1462 886 1510 locus.
919 1460 1017 1510 Deinde
1028 1461 1119 1510 consti.

92 1524 144 1572 tuit
155 1524 228 1580 fines,
239 1523 304 1571 iutra
315 1538 376 1586 quos
388 1529 468 1571 orator
478 1538 531 1570 sese
542 1524 673 1572 continent.

128 1645 197 1693 Sect.
210 1644 247 1691 11.
272 1643 325 1693 Illc
337 1643 466 1704 elernentc]
500 1641 629 1707 Praecepta
645 1642 716 1693 rudia
727 1650 753 1694 et
769 1645 828 1694 trita
844 1661 900 1710 quta
912 1646 945 1696 ad
963 1647 1118 1699 laudationes

91 1729 224 1794 pertinent

127 1813 185 1862 Hoc
197 1813 299 1861 tertium
307 1813 399 1875 genus]
434 1809 532 1876 Nempe
544 1813 721 1861 exornativum.
790 1847 793 1851 -

131 1898 214 1957 Quasi
233 1896 297 1945 nitet
312 1898 396 1962 possit
411 1895 462 1945 dici
478 1898 532 1965 sine
547 1898 681 1962 perceptis
696 1896 761 1959 cuir]
796 1895 860 1955 Qum
878 1898 909 1948 ab
924 1905 1018 1949 oratore
1030 1901 1077 1950 dici
1093 1906 1118 1951 et

93 1981 198 2031 tractari
216 1986 318 2045 possunt
330 1980 469 2045 aliquando,
481 1981 512 2031 de
530 1979 561 2031 iis
574 1983 630 2035 uolo
642 1983 678 2032 itu
689 1981 777 2040 dicere,
789 1984 857 2046 quasi
867 1982 920 2045 sine
930 1984 1040 2036 oratoriis
1055 2002 1118 2050 pru.

94 2067 176 2129 ceptis
187 2067 289 2116 tractari
301 2082 351 2114 uon
362 2067 460 2128 pomint.

132 2151 312 2199 Testimonium
328 2165 392 2215 cape
405 2148 538 2199 dicendum
549 2149 597 2213 eet]
630 2149 672 2200 Ab
683 2157 778 2201 oratore
790 2150 987 2205 confirmandum
998 2155 1037 2204 vel
1050 2152 1118 2204 infir·

93 2236 225 2286 mendum.

129 2322 198 2369 Sect.
211 2319 250 2368 12.
275 2318 320 2368 Ec
336 2317 443 2381 artificio
460 2334 501 2368 rec
520 2320 576 2368 iero
593 2327 719 2386 precepto
738 2337 787 2370 non
807 2321 933 2385 querunt]
966 2321 1025 2371 Non
1045 2323 1118 2374 dehet

94 2422 134 2456 ars
146 2405 252 2454 oratoria
268 2403 321 2453 istis
332 2405 405 2453 rebus
416 2405 512 2467 propria
528 2409 652 2467 praecepta
669 2420 766 2467 ponere,
778 2405 896 2468 siquidem
907 2407 1032 2456 sufficiunt
1048 2424 1117 2458 com·

94 2489 191 2540 munia.

129 2575 163 2623 Si
174 2580 204 2621 ut
212 2573 295 2623 Greci
306 2573 461 2640 seripserunt
469 2572 569 2635 summi]
603 2571 630 2621 Si
642 2570 677 2621 ita
688 2572 810 2622 scribatur
817 2572 924 2632 historia,
934 2575 969 2623 uti
979 2590 1035 2624 eam
1043 2575 1118 2640 scrip.
1159 2622 1164 2631 ,

94 2675 149 2710 ecre
162 2659 251 2732 Greci,
260 2673 386 2707 summurn
399 2663 520 2706 oratorem
532 2658 668 2719 desiderat3
684 2665 723 2707 est
735 2658 801 2706 enim
810 2659 841 2706 ab
852 2657 898 2706 illis
909 2667 993 2708 ornate
1006 2659 1106 2723 scripta.

92 2746 94 2752 ⁴
132 2742 167 2792 Ut
178 2751 261 2791 noster
274 2741 345 2799 Octo,
357 2749 386 2790 nt
398 2741 493 2800 Pictor,
503 2748 532 2789 ut
543 2741 615 2804 Piso]
650 2738 686 2790 M.
699 2741 808 2790 Porcius
820 2740 892 2799 Geta,
904 2744 946 2793 the
957 2759 1054 2802 cenor,
1064 2761 1117 2794 was

93 2828 164 2885 born,
182 2827 214 2874 A.
226 2826 254 2875 C.
266 2825 324 2883 234,
343 2826 406 2883 died,
423 2827 455 2874 A.
467 2825 496 2874 C.
509 2826 563 2875 149.
597 2826 638 2876 Hc
656 2833 731 2876 wrote
743 2842 776 2875 an
787 2827 911 2876 historical
929 2827 998 2877 work
1017 2829 1118 2879 entitled
1201 2884 1210 2899 p

96 2912 226 2975 Origines,
236 2913 261 2960 in
269 2910 352 2959 which
363 2913 394 2959 he
406 2927 468 2976 gave
480 2927 513 2960 an
522 2918 629 2960 account
640 2913 668 2960 oi
675 2913 718 2960 thc
729 2910 873 2961 foundation
882 2913 909 2961 of
919 2910 1005 2972 Rome,
1015 2916 1063 2963 und
1076 2916 1117 2964 the

94 2999 167 3046 other
183 2995 303 3059 principal
320 2993 391 3043 cities
402 2997 431 3044 os
446 2995 518 3061 Italy.
552 2995 620 3062 Only
632 3013 647 3045 a
658 2999 706 3045 lew
723 2998 858 3062 fragments
870 2999 898 3046 of
913 2997 961 3046 this
978 2999 1071 3062 history
1082 3015 1118 3047 re.

94 3079 173 3131 main.
209 3080 240 3139 Q.
250 3078 442 3128 FabiuePictcr
453 3095 506 3128 was
519 3082 561 3129 the
572 3082 651 3130 oldest
661 3081 780 3131 historian
791 3084 818 3130 oi
828 3081 915 3139 Rome,
924 3083 975 3130 und
986 3081 1119 3132 flourished

96 3164 186 3229 during
197 3165 240 3213 thc
249 3165 339 3212 second
351 3163 431 3213 Punic
442 3180 502 3222 war,
512 3165 586 3214 about
597 3166 640 3215 the
651 3182 713 3228 year
721 3168 748 3214 of
755 3167 798 3214 the
807 3165 868 3228 city,
876 3165 932 3214 536.
966 3165 1014 3214 His
1022 3166 1118 3216 Annuls

96 3265 139 3301 cro
151 3250 208 3306 lost,
219 3254 307 3311 except
319 3264 347 3296 as
366 3250 425 3314 they
437 3264 478 3298 are
496 3250 584 3311 quoted
604 3250 636 3314 by
648 3250 719 3312 Livy,
732 3248 868 3315 Dionysius
880 3251 907 3298 ot
921 3248 1117 3309 Halicarnassus,

95 3334 147 3385 und
158 3334 240 3382 Aulus
252 3332 353 3382 Gellius.
386 3331 417 3383 Ia.
432 3333 587 3398 Calpurniae
597 3332 660 3382 Piso
672 3349 725 3382 was
743 3335 815 3382 twice
828 3335 922 3391 consrrl,
934 3334 977 3383 the
989 3335 1043 3385 first
1058 3334 1119 3384 tima

95 3419 123 3468 in
134 3419 177 3467 the
189 3432 249 3480 year
260 3418 341 3465 before
352 3416 443 3475 Christ,
455 3417 509 3474 135,
522 3418 571 3464 and
582 3418 625 3466 the
636 3419 729 3465 second
740 3417 800 3466 time
812 3417 838 3465 in
850 3419 892 3467 the
903 3434 963 3481 year
972 3418 1028 3467 132.
1061 3418 1118 3468 Piso

95 3509 173 3552 wrote
184 3503 272 3550 annale
284 3517 311 3550 or
321 3502 435 3550 memoirs
447 3504 475 3550 of
483 3502 520 3551 his
531 3517 587 3550 own
598 3502 666 3558 time,
679 3502 763 3551 which
774 3518 815 3551 ara
826 3509 869 3552 not
881 3510 976 3553 extant.

130 3586 205 3636 Modo
216 3590 281 3635 enim
293 3585 340 3633 tue
351 3587 402 3634 ieta
411 3593 470 3634 eunt
483 3585 626 3651 importata]
660 3584 719 3635 Non
730 3587 765 3636 ita
780 3588 876 3651 pridem
887 3590 941 3638 hrec
953 3586 1068 3637 orationis
1079 3602 1117 3637 cr-

96 3677 216 3721 unmenta
227 3687 243 3718 a
254 3669 351 3718 Grecis
362 3669 502 3719 didicimus.

130 3756 198 3805 Sect.
212 3754 249 3803 13.
273 3754 398 3820 Princeps
411 3770 495 3820 genoe
506 3754 550 3805 hcc
566 3755 675 3820 crncoit]
708 3753 759 3817 Qui
777 3753 870 3818 primus
888 3753 1017 3806 historiam
1032 3761 1118 3807 ornate

97 3838 201 3905 scripsit
